1664 2663
47 1545 49 1549 ,
53 1502 86 1538 ΚΓ,

200 143 365 196 A·1’·54·]
559 149 705 179 LIBER
729 148 834 178 XIII.
894 148 990 178 CAP.
1026 153 1107 185 1-4·

161 262 182 291 5
199 252 360 288 taedium
379 253 433 288 sui
448 258 623 288 moverat.
678 249 868 297 propalam
884 255 1006 284 tamen
1023 259 1152 284 omnes
1167 251 1202 282 in
1216 258 1298 282 eam
1314 244 1473 281 honores

201 315 492 358 cumulabantur,
513 314 736 361 signumque
756 323 858 348 more
879 311 1028 347 militiae
1050 310 1186 358 petenti
1209 310 1355 345 tribuno
1375 308 1473 344 dedit.

159 387 182 416 6
200 379 360 426 optimae
387 378 525 413 matris.
580 376 716 413 decreti
740 381 775 411 et
794 387 815 410 a
835 381 963 410 senatu
984 374 1058 410 duo
1079 374 1235 417 lictores,
1259 372 1471 408 flamonium

200 441 402 486 claudiane,
420 440 526 477 simul
546 439 702 477 Claudio
719 438 925 474 censorium
947 437 1054 473 funus
1073 444 1108 473 et
1129 448 1218 472 mox
1235 435 1472 472 consecratio.

252 509 287 542 3.
311 504 380 540 Die
419 503 553 540 funeris
589 502 839 539 laudationem
881 501 959 537 eius
1001 501 1173 548 princeps
1209 511 1363 535 exorsus
1406 505 1507 542 est‚5

199 568 287 605 dum
307 568 558 616 antiquitatem
578 565 735 613 generis,
757 564 968 600 consulatus
995 576 1037 600 ac
1064 563 1271 610 triumphos
1291 562 1471 598 maiorum

199 632 448 675 enumerabat,
494 631 656 666 intentus
697 628 775 676 ipse
820 634 855 663 et
898 627 1008 663 ceteri
1021 639 1030 672 ;
1077 626 1279 662 liberalium
1325 636 1473 673 quoque

199 695 330 731 artium
359 692 664 731 commemoratio
692 699 727 728 et
756 690 841 726 nihil
862 696 1012 738 regente
1037 701 1082 726 eo
1108 690 1204 725 triste
1231 689 1280 725 rei
1306 688 1473 736 publicae

159 759 246 799 2ab
281 757 441 794 externis
479 756 655 793 accidisse
688 755 815 803 pronis
848 754 981 790 animis
1014 753 1157 789 audita:
1197 760 1393 801 postquam
1427 751 1473 788 ad

198 821 464 870 providentiam
509 819 799 867 sapientiamque
842 817 950 861 flexit,
988 829 1099 853 nemo
1137 816 1223 853 risui
1249 823 1472 874 temperare,
1496 828 1532 850 ιο

198 895 425 932 quamquam
453 884 570 920 oratio
598 895 619 919 a
647 882 787 918 Seneca
812 881 1019 929 composita
1043 880 1198 916 multum
1226 879 1345 916 cultus
1368 878 1473 927 prae-

198 947 316 991 ferret,
344 954 384 983 ut
411 947 476 984 suit
506 947 554 983 illi
573 947 651 983 viro
679 946 868 993 ingenium
896 956 1094 981 amoenum
1127 950 1161 980 et
1191 943 1369 991 temporiS
1397 943 1473 979 eius

159 1023 179 1050 3
199 1012 346 1047 auribus
360 1009 699 1047 adcommodatum.
738 1009 965 1045 adnotabant
981 1008 1154 1052 seniores,
1168 1007 1299 1054 quibus
1314 1007 1472 1043 otiosum

197 1083 250 1111 est
271 1081 391 1111 vetera
411 1081 445 1110 et
469 1073 677 1122 praesentia
697 1071 933 1116 contendere,
955 1071 1114 1119 primum
1141 1083 1185 1107 ex
1207 1071 1248 1106 iis
1270 1071 1332 1118 qui
1353 1082 1473 1106 rerum

157 1150 180 1177 4
198 1138 302 1185 potiti
317 1143 439 1174 essent
455 1136 643 1173 Neronem
659 1135 798 1172 alienae
812 1134 1002 1171 facundiae
1019 1135 1174 1181 eguisse.
1217 1145 1304 1169 nam
1319 1133 1475 1169 dictator
1496 1145 1530 1175 15

201 1201 337 1237 Caesar
366 1201 520 1237 summis
545 1199 753 1235 oratoribus
773 1198 962 1242 aemulus;
991 1204 1028 1234 et
1051 1199 1221 1244 Augusto
1241 1204 1413 1245 prompta
1432 1208 1474 1233 ac

156 1277 177 1304 5
198 1264 382 1312 profluens
398 1275 566 1311 quaeque
580 1262 724 1299 deceret
742 1262 947 1310 principem
961 1261 1170 1309 eloquentia
1184 1260 1260 1296 suit.
1303 1260 1473 1296 Tiberius

197 1335 312 1364 artem
345 1338 492 1375 quoque
523 1326 687 1374 callebat,
719 1337 793 1373 qua
825 1325 936 1361 verba
966 1324 1199 1372 expenderet,
1229 1330 1304 1360 tum
1335 1323 1495 1360 validus.

112 1422 116 1443 ἶ.
151 1391 366 1461 &sensibus
386 1397 446 1426 aut
467 1389 637 1426 consulto
657 1389 863 1462 ambiguus.
919 1388 1028 1424 etiarn
1048 1387 1119 1424 Gai
1144 1387 1310 1424 Caesaris
1331 1388 1474 1423 turbata

124 1446 156 1478 f·
196 1467 301 1491 mens
332 1466 405 1489 vim
438 1453 582 1490 dicendi
613 1465 689 1490 non
717 1442 888 1499 effrupit.
944 1463 1020 1488 nec
1039 1451 1076 1487 in
1105 1451 1272 1495 Claudio,
1302 1452 1474 1499 quotiens
1495 1463 1532 1485 20

96 1513 106 1517 ⁷*
159 1530 179 1559 7
197 1518 370 1554 meditata
394 1517 596 1560 dissereret,
627 1515 847 1575 elegantiam
865 1507 1088 1567 requireres.
1144 1514 1246 1551 Nero
1275 1514 1473 1562 puerilibus

198 1582 320 1618 statim
363 1580 470 1616 annis
507 1579 666 1615 vividum
709 1566 875 1615 animum
913 1579 949 1614 in
989 1578 1060 1614 alia
1099 1577 1271 1614 detorsit:
1319 1578 1472 1623 caelare,

197 1645 359 1693 pingere,
399 1651 529 1680 cantus
572 1650 633 1679 aut
679 1643 843 1690 regimen
886 1653 1067 1690 equorum
1110 1653 1301 1686 exercere3
1341 1648 1376 1678 et
1411 1642 1473 1678 ali-

197 1708 348 1756 quando
375 1707 599 1744 carminibus
625 1704 830 1754 pangendis
851 1704 971 1742 inesse
990 1704 1059 1741 sibi
1079 1704 1261 1741 elementa
1285 1671 1474 1741 doctrinae

196 1771 423 1808 ostendebat.
931 1790 934 1796 ·
1102 1790 1119 1815 ·.
1493 1779 1531 1811 ²5

248 1838 286 1870 4.
316 1833 488 1870 Ceterum
508 1832 666 1881 peractis
686 1832 846 1868 tristitiae
867 1816 1117 1876 Ῠῐᾘιὲὲνιᾷῃῶίῖξ
1123 1817 1296 1868 curiam
1287 1843 1474 1880 ingressus

196 1904 231 1934 et
243 1897 288 1933 de
304 1897 519 1933 auctoritate
533 1902 677 1944 patrum
691 1902 726 1932 et
741 1907 926 1957 coffinsu
942 1895 1098 1931 militum
1112 1895 1308 1943 praefatus,
1322 1895 1474 1932 consilia

197 1960 265 1996 sibi
289 1967 323 1997 et
345 1959 514 2007 exempla
532 1958 749 2014 capeffiendi
769 1959 916 2006 egregie
937 1958 1081 2006 imperii
1103 1959 1332 2002 memoravit,
1352 1970 1474 2006 neque
1515 1938 1522 2011 f

197 2029 379 2060 iuventam
409 2022 519 2059 armis
548 2022 712 2058 civilibus
740 2028 802 2058 aut
831 2021 1043 2058 domesticis
1068 2021 1260 2058 discordiis
1284 2022 1472 2066 inbutam;

197 2086 295 2122 nulla
332 2086 426 2130 odia,
460 2085 578 2122 nullas
607 2086 755 2121 iniurias
788 2097 856 2121 nec
889 2084 1101 2132 cupidinem
1137 2072 1289 2121 u—Itionis
1322 2085 1471 2121 adferre.
1493 2057 1537 2125 io*

158 2155 274 2188 2tum
300 2149 456 2185 formam
486 2148 595 2184 futuri
625 2148 849 2195 principatus
879 2148 1120 2196 praescripsit,
1150 2160 1192 2184 ea
1221 2148 1381 2184 maxime
1411 2148 1473 2184 de-

197 2213 349 2257 clinans,
369 2224 524 2260 quorum
555 2223 682 2248 recens
710 2211 888 2258 flagrabat
917 2196 1061 2247 inffiia.
1118 2223 1194 2247 non
1222 2212 1320 2246 enirn
1347 2223 1385 2247 se
1411 2223 1474 2247 ne-

197 2276 381 2323 gotiorum
400 2276 566 2311 omnium
586 2274 744 2310 iudicem
766 2274 854 2313 sore.
870 2281 910 2310 ut
929 2274 1062 2310 clausis
1077 2285 1186 2310 unam
1209 2274 1300 2309 intra
1320 2273 1472 2310 domum
