1776 2653
174 164 250 188 Amo
272 149 340 202 57]
510 158 655 188 LIBER
683 158 789 189 XJJJ.
848 159 944 189 CAP.
976 155 1112 200 28-33

1188 210 1287 248 ''5¹²1'‘

225 262 285 295 31.
315 258 464 326 Nerone
491 259 623 294 iterum
652 257 694 294 L.
724 259 859 295 Pisone
888 260 1101 296 consulibus
1129 243 1247 307 pauca
1274 260 1451 296 memoiia

120 359 160 374 9
164 321 285 368 digna
323 313 487 366 evenere,
525 322 594 358 nisi
637 322 695 358 cui
740 323 849 359 libeat
895 323 1087 359 laudandis
1124 323 1373 360 fundamentis
1415 329 1451 360 et

172 381 345 432 trabibus,
383 386 464 433 quis
501 385 638 421 molem
677 385 933 433 amphitheatri
972 387 1071 434 apud
1108 399 1282 435 campum
1321 387 1451 423 Martis

173 449 310 485 Caesar
328 455 549 493 extruxerat,
569 449 758 485 volumina
778 449 941 496 implere,
957 462 1041 486 cum
1062 463 1107 486 ex
1128 451 1303 498 dignitate
1323 451 1451 499 populi

173 511 335 549 Romani
351 518 533 560 repertum
550 512 594 549 sit
614 525 670 549 res
687 513 856 550 inlustres
871 514 1078 559 annalibus,
1096 514 1182 550 talia
1197 514 1334 550 diurnis
1352 515 1450 551 urbis
1468 522 1485 554 5

132 576 262 618 zaetis
300 576 487 612 mandare.
554 582 718 613 ceterum
755 577 923 613 coloniae
961 576 1091 625 Capua
1137 584 1246 626 atque
1290 577 1451 614 Nuceria

147 622 302 676 additis
329 631 508 678 veteranis
536 641 700 677 firmatae
730 647 823 685 sunt,
852 641 1046 688 plebeique
1075 642 1306 690 congiarium
1335 642 1450 691 quad-

171 704 314 751 ringeni
330 694 488 740 nummi
523 705 655 740 viritim
689 704 774 749 dati,
806 711 841 740 et
879 705 1081 741 sestertium
1123 706 1465 753 quadringentiens¹
1501 724 1510 732 r

131 768 311 804 3aerario
348 768 501 823 inlatum
537 774 591 804 est
624 767 670 804 ad
708 767 939 804 ¹'retinendam
970 768 1096 816 populi
1137 767 1258 805 fidem.
1297 769 1451 816 vectigal

171 843 320 879 quoque
360 832 582 879 quintae'ssiet
615 824 837 867 vicensimae
870 832 1054 867 venalium
1088 832 1358 880 mancipiorum
1395 845 1450 869 re-

171 892 347 939 missurn,
368 887 490 943 specie
519 887 638 942 magis
665 905 777 942 quam
807 882 850 938 ri,
874 882 961 942 quia
984 906 1069 930 curn
1098 895 1264 931 venditor
1290 895 1451 943 pendere

131 962 154 989 4
173 957 366 1002 iuberetur,
396 958 433 993 in
462 964 605 1005 partem
634 958 738 1005 pretii
766 955 996 1005 emptoribus
1035 946 1285 995 adcrescebat.
1340 959 1451 1009 edixit

123 1049 158 1091 d
173 1021 319 1065 Caesar,
359 1033 405 1058 ne
447 1014 543 1069 quis
566 1011 801 1069 magistratus
837 1026 899 1056 aut
937 1028 1154 1068 procurator
1191 1021 1233 1057 in
1265 1022 1452 1069 provincia

108 1093 117 1103 f
144 1067 276 1132 *quam
292 1084 480 1141 obtineret
493 1085 779 1132 spectaculum
761 1084 1004 1120 ‹vladiatorum
1025 1091 1086 1120 aut
1103 1085 1260 1121 serarum
1273 1093 1333 1121 aut
1349 1085 1451 1134 quod

132 1154 153 1182 5
172 1148 268 1184 aliud
295 1136 482 1185 ludicrum
506 1149 638 1184 eder.et
693 1160 780 1184 nam
808 1155 892 1184 ante
919 1160 994 1184 non
1024 1148 1144 1184 minus
1174 1148 1234 1184 tali
1260 1149 1450 1197 largitione

172 1224 284 1260 quam
313 1213 554 1259 corripiendis
579 1212 744 1263 pecuniis
769 1212 952 1248 subiectos
976 1212 1214 1259 adfligebant,
1240 1212 1329 1249 dum
1355 1225 1450 1263 quae

172 1276 319 1312 libidine
339 1276 576 1324 deliquerant,
599 1276 739 1312 ambitu
759 1282 1006 1323 propugnant.

223 1344 288 1376 32.
319 1340 472 1376 Factum
494 1347 527 1375 et
548 1347 694 1376 senatus
714 1339 923 1376 consultum
944 1339 1071 1376 ultioni
1091 1340 1191 1376 iuxta
1205 1346 1241 1377 et
1261 1341 1450 1387 securitati,

170 1409 210 1439 ut
232 1404 259 1439 si
286 1404 366 1451 quis
392 1416 414 1440 a
440 1404 512 1440 suis
536 1403 646 1439 servis
669 1403 879 1439 interfectus
903 1410 1010 1447 esset,
1031 1404 1053 1439 ii
1074 1416 1233 1452 quoque,
1256 1404 1450 1455 qui-testa-

170 1474 297 1503 mento
326 1479 439 1503 manu
464 1467 565 1503 missi
593 1467 662 1503 sub
682 1466 813 1503 eodem
840 1473 936 1503 tecto
959 1468 1190 1513 mansissent,
1213 1465 1308 1503 inter
1327 1479 1450 1505 servos

132 1538 152 1566 2
171 1530 349 1578 supplicia
369 1530 583 1578 penderent.
631 1530 791 1566 redditur
810 1530 928 1567 ordini
948 1530 1081 1567 Lurius
1097 1530 1219 1567 Varus
1235 1531 1449 1572 consularis,

54 1603 61 1612 ⁸
98 1593 340 1630 ¹'Savaritiae
365 1594 577 1630 criminibus
603 1594 691 1630 olim
712 1594 915 1642 perculsus,
970 1601 1005 1630 et
1031 1594 1239 1642 Pomponia
1267 1594 1451 1632 Graecina

171 1657 324 1705 insignis
350 1657 496 1702 semina,
518 1658 563 1693 A.
585 1658 735 1702 Plautio,
757 1669 868 1705 quern
889 1669 1018 1694 ovasse
1037 1658 1082 1694 de
1110 1658 1294 1694 Britannis
1320 1659 1449 1704 rettuli,

172 1728 284 1769 nupta
309 1733 351 1758 ac
378 1722 643 1768 superstitionis
670 1728 769 1757 exte]
773 1732 840 1756 nae
866 1732 939 1766 rea,
961 1721 1079 1756 mariti
1103 1721 1238 1758 iudicio
1259 1723 1448 1770 permissa.

131 1790 154 1817 4
173 1785 274 1832 isque
308 1784 430 1837 prisco
458 1784 620 1820 instituto
650 1784 866 1832 propinquis
895 1795 1022 1837 coram
1051 1783 1096 1821 dc
1125 1785 1244 1836 capite
1278 1785 1449 1843 famaque

173 1848 339 1895 coniugis
382 1842 553 1896 cognorit
594 1853 629 1884 et
657 1848 858 1919 lpsontem
899 1837 1156 1895 pronuntiavit.
1212 1840 1324 1897 longa
1365 1849 1448 1886 huic

132 1917 153 1945 5
172 1911 399 1959 Pomponiae
428 1918 526 1947 aetas
553 1918 587 1948 et
609 1902 793 1948 continua
807 1912 947 1948 tristitia
973 1912 1047 1948 fuit.
1103 1924 1189 1948 nam
1216 1920 1300 1960 post
1319 1913 1450 1950 Iuliam

171 1974 282 2011 Drusi
319 1975 429 2011 filiam
459 1975 544 2011 dolo
582 1975 803 2011 Messalinae
841 1962 1067 2025 interfectam
1105 1988 1170 2023 per
1207 1977 1451 2026 quadraginta

172 2050 291 2075 annos
319 2050 395 2074 non
423 2038 520 2082 cultu
548 2039 616 2074 nisi
645 2038 800 2086 lugubri,
829 2050 905 2075 non
935 2039 1061 2075 animo
1088 2039 1156 2075 nisi
1185 2047 1326 2077 maesto
1356 2042 1449 2089 egit;

173 2101 281 2150 idque
301 2101 349 2137 illi
368 2085 601 2149 imperitante
619 2100 805 2140 Claudio
797 2114 946 2166 inpune,
965 2114 1053 2139 mox
1074 2103 1121 2139 ad
1140 2103 1295 2151 gloriam
1310 2105 1423 2141 vertit.

195 2169 307 2220 3³32
321 2164 424 2200 Idem
453 2177 571 2201 annus
601 2151 724 2212 plures
769 2159 832 2202 eos
843 2155 998 2216 habuit,
1027 2178 1186 2214 quorum
1215 2167 1254 2202 P.
1281 2167 1450 2204 Celerem

149 2203 369 2265 accusante
419 2228 517 2273 Asia,
564 2229 648 2276 quia
694 2224 905 2265 absolvere
927 2230 1099 2278 nequibat
1146 2230 1293 2275 Caesar,
1332 2231 1450 2276 traxit,

135 2298 323 2327 2senecta
363 2291 482 2327 donec
520 2298 678 2327 mortem
716 2292 856 2338 obiret3
905 2305 991 2328 nam
1031 2293 1137 2330 Celer
1174 2293 1375 2339 interfecto,
1413 2300 1450 2330 ut

1471 844 1509 864 10

1472 1161 1507 1191 15

1472 1479 1509 1500 20

1471 1797 1507 1828 ²5

1470 2114 1510 2144 30
