1674 2653
90 217 169 244 ω).
188 204 259 257 65.]
465 212 611 242 LIBER
640 211 719 245 XV.
779 213 876 243 CAP.
905 213 1036 254 69-73.

88 317 124 348 et
153 311 267 349 Glitio
297 312 406 349 Gallo
436 319 544 360 atque
571 311 699 349 Annio
730 312 886 349 Pollioni
912 313 1097 350 infamatis
1122 314 1242 362 magis
1266 326 1377 362 quam

51 376 265 418 vconvictis
303 376 390 413 data
432 376 549 412 exilia.
607 376 773 412 Priscum
813 377 960 413 Artoria
1001 377 1174 414 Flaccilla
1213 378 1375 414 coniunx

89 440 262 475 comitata
299 445 363 484 est,
398 439 545 475 Gallum
583 439 742 487 Egnatia
780 439 995 484 Maximilla,
1032 442 1178 489 magnis
1216 442 1375 489 primurn

88 507 124 538 et
148 501 299 549 integris
319 503 462 550 opibus,
487 509 570 550 post
597 503 790 550 ademptis,
812 515 907 551 quae
934 501 1089 552 utraque
1118 504 1272 552 gloriam
1299 505 1376 541 eius

48 576 72 605 8
89 576 235 601 auxere.
283 565 427 613 pellitur
445 572 481 602 et
501 565 651 602 Rufrius
672 565 863 614 Crispinus
881 568 1078 604 occasione
1100 568 1373 613 coniurationis,
1393 581 1410 612 5

89 628 153 665 sed
183 628 325 665 Neroni
357 629 504 673 invisus,
536 629 637 677 quod
668 629 882 677 Poppaeam
917 631 1109 679 quondam
1140 631 1374 668 matrimonio

47 701 69 731 9
88 698 264 729 tenuerat.
321 692 537 739 Verginium
567 692 723 729 Flavum
745 697 778 729 et
801 693 1012 730 lllusonz'um
1035 694 1173 730 Rufum
1198 694 1374 731 claritudo

90 756 250 792 nominis
275 755 436 803 expulit:
468 768 557 792 nam
585 755 783 804 Verginius
807 758 927 793 studia
953 757 1127 794 iuvenum
1153 757 1372 806 eloquentia,

29 828 72 857 10
91 818 287 856 Musonius
313 820 513 867 praeceptis
541 820 740 867 sapientiae
760 820 918 857 fovebat.
976 820 1198 857 Cluvidieno
1226 820 1373 865 Quieto,

89 882 183 919 Iulio
211 883 409 931 Agrippae,
432 882 540 919 Blitio
562 882 745 928 Catulino,
767 883 941 920 Petronio
962 884 1097 929 Prisco,
1120 884 1214 920 Iulio
1237 884 1372 929 Altino,
1394 898 1432 920 10

88 946 184 982 velut
212 947 249 982 in
278 958 414 994 agmen
442 953 477 982 et
507 958 715 992 numerum,
746 947 886 994 Aegaei
916 947 1026 983 maris
1056 947 1194 983 insulae
1224 948 1373 995 permit-

32 1016 70 1045 11
88 1016 221 1046 tuntur.
277 1016 312 1046 at
341 1009 514 1047 Caedicia
542 1021 637 1046 uxor
665 1010 830 1047 Scaevini
860 1016 896 1047 et
925 1010 1155 1047 Caesennius
1183 1009 1373 1048 Maximus

88 1073 194 1109 Italia
231 1073 483 1122 prohibentur,
522 1085 604 1110 reos
642 1074 750 1110 fuisse
790 1086 828 1110 se
870 1080 1014 1110 tantum
1057 1086 1179 1122 poena
1222 1075 1371 1122 experti.

28 1143 68 1171 12
86 1137 204 1174 Acilia
232 1144 347 1173 mater
372 1137 517 1173 Annaei
545 1136 687 1173 Lucani
717 1138 795 1174 sine
822 1137 1066 1183 absolutione,
1086 1138 1165 1174 sine
1193 1138 1372 1186 supplicio

86 1200 323 1237 dissimulata.
573 1217 580 1223 ·
1391 1213 1428 1246 15

138 1268 202 1302 72.
231 1263 378 1309 Quibus
408 1265 622 1313 perpetratis
654 1263 757 1301 Nero
789 1270 824 1301 et
857 1265 1028 1301 contione
1060 1265 1216 1302 militum
1248 1265 1372 1302 habita

84 1328 169 1364 bina
194 1339 388 1363 nummum
415 1327 514 1364 milia
540 1328 672 1364 viritim
698 1328 987 1376 manipularibus
1014 1329 1131 1365 divisit
1158 1328 1370 1377 addiditque

85 1391 162 1428 sine
178 1391 294 1439 pretio
312 1390 550 1435 frumentum,
568 1403 645 1439 quo
665 1398 748 1428 ante
770 1404 814 1428 ex
836 1392 951 1428 modo
971 1404 1141 1428 annonae
1162 1393 1369 1429 utebantur.

45 1465 66 1493 2
85 1461 174 1499 tum,
223 1455 326 1503 quasi
375 1461 479 1502 gesta
524 1455 623 1491 bello
671 1456 915 1502 expositurus,
963 1462 1068 1491 vocat
1119 1461 1289 1492 senatum
1336 1462 1370 1492 et

85 1517 301 1566 triumphale
339 1518 452 1555 decus
494 1518 668 1555 Petronio
709 1518 931 1566 Turpiliano
974 1519 1169 1564 consulari,
1209 1519 1370 1556 Cocceio
1391 1532 1429 1552 20

85 1580 227 1618 Nervae
272 1583 428 1632 praetori
476 1582 679 1629 designato,
729 1581 917 1630 Tigellino
965 1582 1150 1630 praefecto
1197 1584 1369 1630 praetorii

85 1645 215 1689 tribuit,
243 1644 469 1692 Tigellinum
495 1652 530 1681 et
556 1645 717 1681 Nervam
745 1646 792 1681 ita
821 1645 1011 1689 extollens,
1039 1652 1078 1681 ut
1105 1658 1215 1694 super
1242 1647 1369 1683 trium-

85 1708 212 1756 phales
230 1708 268 1743 in
287 1708 366 1745 foro
386 1709 566 1756 imagines
587 1708 686 1756 apud
708 1708 889 1744 Palatium
910 1720 1060 1756 quoque
1081 1709 1221 1757 effigies
1241 1721 1369 1746 eorum

47 1779 67 1807 3
87 1772 236 1808 sisteret.
292 1772 499 1808 consularia
545 1772 701 1820 insignia
750 1771 987 1819 Nymphidio,
1031 1773 1097 1819 qui
1137 1773 1223 1820 quia
1270 1785 1369 1809 nunc

85 1835 245 1883 primum
283 1835 427 1872 oblatus
465 1842 529 1880 est,
571 1847 689 1882 pauca
732 1841 920 1882 repetam:
969 1847 1055 1871 nam
1096 1842 1131 1872 et
1168 1836 1244 1884 ipse
1282 1848 1368 1884 pars
1389 1847 1426 1878 ²5

42 1906 66 1933 4
85 1898 341 1935 Romanarum
362 1899 521 1935 cladium
547 1899 622 1935 erit.
680 1899 787 1945 igitur
807 1904 922 1934 matre
947 1898 1115 1935 libertina
1137 1906 1250 1944 ortus,
1273 1912 1368 1948 quae

83 1973 217 2010 corpus
233 1962 409 1999 decorum
428 1962 521 1998 inter
537 1974 661 1998 servos
678 1962 899 2010 libertosque
916 1962 1125 2010 principum
1144 1963 1366 2010 vulgaverat,

82 2038 128 2062 ex
148 2025 245 2062 Gaio
266 2025 423 2062 Caesare
450 2036 488 2061 se
515 2026 682 2072 genitum
708 2025 858 2069 ferebat,
881 2026 1060 2073 quoniam
1090 2026 1180 2062 forte
1207 2026 1368 2074 quadam

83 2088 209 2124 habitu
248 2100 424 2136 procerus
464 2095 500 2124 et
537 2096 640 2125 torvo
680 2088 776 2124 vultu
818 2095 904 2133 erat,
945 2089 1018 2124 sive
1061 2088 1177 2125 Gaius
1218 2088 1366 2134 Caesar,

84 2158 289 2188 scortorum
309 2163 459 2199 quoque
479 2151 640 2199 cupiens,
662 2151 771 2187 etiam
792 2151 898 2187 matri
917 2152 995 2187 eius
1017 2151 1138 2188 inlusit
1159 2150 1176 2170 *
1196 2150 1214 2170 '¹‘
1234 2150 1252 2169 *
1387 2163 1428 2194 30

137 2219 201 2252 73.
233 2214 305 2250 Sed
332 2214 433 2250 Nero
459 2221 590 2250 vocato
617 2221 756 2258 senatu,
779 2215 944 2250 oratione
972 2215 1064 2250 inter
1083 2222 1204 2262 patres
1231 2215 1366 2260 habita,

83 2277 243 2314 edictum
273 2277 371 2325 apud
399 2277 577 2325 populum
609 2284 643 2314 et
674 2277 820 2313 conlata
850 2278 887 2312 in
920 2278 1030 2313 libros
1059 2278 1193 2314 indicia
1225 2279 1369 2315 confes-

45 2352 67 2381 2
87 2340 283 2389 sionesque
303 2340 563 2377 damnatorum
584 2341 758 2377 adiunxit.
803 2341 938 2377 etenim
959 2342 1087 2378 crebro
1109 2342 1205 2389 vulgi
1221 2353 1368 2378 rumore

1116 2404 1140 2427 K
