1674 2653
516 184 744 215 CORNELII
775 185 939 215 TACJTI
962 185 1230 215 ANNALJUM
1279 177 1505 230 [A.U.C.813.

229 284 367 333 quippe
400 285 588 333 oppidana
621 285 768 322 lascivia
802 286 957 322 invicem
991 286 1215 323 incessentes
1245 287 1390 334 probra,
1422 286 1504 322 dein
1523 294 1544 321 2

229 359 330 392 saxa,
362 355 549 396 postremo
583 348 716 385 ferrum
752 361 949 397 sumpsere,
984 350 1157 386 validiore
1192 350 1504 398 Pompeianorum

229 411 347 458 plebe,
369 412 467 460 apud
487 424 581 460 quos
602 413 849 460 spectaculum
871 414 1056 450 edebatur.
1111 425 1201 460 ergo
1221 413 1400 460 deportati
1421 419 1504 449 sunt
1521 422 1542 449 3

229 474 266 510 in
293 476 419 511 urbem
445 476 547 511 multi
572 488 592 512 e
621 475 817 512 Nucerinis
842 484 971 514 trunco
999 489 1063 525 per
1091 476 1241 512 vulnera
1267 488 1433 524 corpore,
1461 488 1505 512 ac

194 555 211 586 5
230 538 393 586 plerique
414 539 610 575 liberorum
630 547 691 576 aut
711 547 904 587 parentum
924 548 1060 577 mortes
1080 540 1276 576 deflebant.
1331 540 1435 576 cuius
1455 540 1505 576 rei

229 602 402 638 iudicium
438 603 607 651 princeps
639 604 790 650 senatui,
824 611 970 641 senatus
1002 604 1214 641 consulibus
1244 604 1417 652 permisit.
1472 610 1545 640 et4

231 678 356 702 rursus
381 678 418 702 re
443 666 490 702 ad
517 673 636 714 patres
666 667 785 712 relata,
809 667 978 714 prohibiti
1006 668 1150 715 publice
1177 668 1214 703 in
1235 667 1364 704 decern
1386 678 1507 703 annos

231 729 309 765 eius
339 729 440 765 modi
473 736 580 766 coetu
612 729 828 778 Pompeiani
860 730 1098 778 collegiaque,
1128 742 1220 779 quae
1251 737 1378 767 contra
1408 731 1506 778 leges

231 792 472 838 instituerant,
493 793 690 838 dissoluta;
722 792 908 830 Livineius
936 801 971 830 et
1000 794 1062 842 qui
1089 794 1146 830 alii
1173 794 1391 830 seditionem
1417 806 1507 830 con-

176 872 215 894 10
232 856 390 892 civerant
409 857 517 893 exilio
539 857 680 893 multati
702 864 795 893 sunt.

282 923 346 957 18.
376 919 504 956 Motus
532 926 660 957 senatu
688 927 724 956 et
752 920 886 956 Pedius
916 920 1082 966 Blaesus,
1110 922 1368 958 accusantibus
1396 920 1507 969 Cyre-

232 983 408 1019 nensibus
434 983 608 1020 violatum
635 984 680 1019 ab
709 995 754 1020 eo
781 984 992 1020 thesaurum
1019 984 1232 1032 Aesculapii
1260 985 1507 1032 dilectumque

232 1047 424 1084 militarem
449 1048 565 1095 pretio
589 1055 624 1084 et
651 1048 851 1084 ambitione
877 1055 1101 1097 corruptum.
1159 1049 1258 1084 idem
1278 1048 1507 1096 Cyrenenses
1523 1058 1543 1086 2

233 1122 334 1146 reum
359 1112 519 1159 agebant
544 1111 703 1147 Acilium
732 1111 962 1157 Strabonem,
990 1113 1171 1159 praetoria
1197 1118 1375 1160 potestate
1400 1124 1507 1148 usum

178 1190 213 1220 15
233 1181 267 1210 et
300 1174 453 1210 missum
491 1175 773 1222 disceptatorem
813 1187 834 1211 a
872 1175 1027 1212 Claudio
1066 1187 1249 1223 agrorum,
1284 1187 1379 1224 quos
1416 1176 1509 1222 regis

234 1238 390 1285 Apionis
426 1237 615 1286 quondam
653 1238 768 1274 avitos
807 1245 842 1274 et
880 1239 1019 1286 populo
1060 1238 1233 1275 Romano
1271 1250 1355 1275 cum
1393 1250 1508 1285 regno

233 1301 377 1337 relictos
409 1302 600 1349 proximus
633 1302 789 1350 quisque
822 1313 1014 1349 possessor
1046 1302 1261 1346 invaserant,
1295 1302 1509 1349 diutinaque

234 1364 377 1400 licentia
414 1371 449 1401 et
485 1364 614 1401 iniuria
651 1366 754 1413 quasi
792 1366 868 1401 iure
898 1372 933 1402 et
969 1377 1088 1414 aequo
1126 1366 1345 1401 nitebantur.
1401 1365 1546 1412 igitur3

234 1428 448 1465 abiudicatis
481 1429 577 1477 agris
607 1435 687 1465 orta
718 1428 889 1465 adversus
920 1429 1076 1465 iudicem
1109 1429 1262 1473 invidia;
1298 1435 1332 1464 et
1363 1437 1509 1464 senatus

178 1507 217 1529 20
235 1493 359 1540 ignota
386 1492 453 1528 sibi
479 1503 558 1527 esse
587 1492 759 1528 mandata
785 1492 927 1528 Claudii
948 1500 982 1528 et
1009 1492 1277 1529 consulendum
1305 1492 1507 1539 principem

234 1556 432 1603 respondit.
488 1555 590 1592 Nero
606 1557 761 1604 probata
782 1555 972 1592 Strabonis
993 1556 1181 1599 sententia,
1199 1567 1236 1591 se
1256 1555 1370 1591 nihilo
1389 1555 1509 1590 minus
1525 1562 1549 1591 4

235 1620 424 1656 subvenire
445 1620 553 1657 sociis
572 1627 608 1656 et
628 1626 801 1668 usurpata
821 1619 1024 1656 concedere
1044 1619 1238 1667 rescripsit.

285 1687 345 1720 19.
376 1683 588 1732 Sequuntur
622 1683 782 1719 virorum
821 1683 1024 1720 inlustrium
1063 1690 1214 1726 mortes,
1246 1682 1399 1719 Domitii
1432 1681 1509 1717 Afri

235 1754 270 1784 et
303 1745 357 1783 M.
389 1747 538 1791 Servilii,
569 1746 629 1794 qui
662 1746 814 1782 summis
846 1745 1050 1782 honoribus
1083 1752 1118 1781 et
1154 1745 1268 1781 multa
1301 1745 1509 1793 eloquentia

179 1822 217 1854 25
236 1811 436 1858 viguerant,
458 1810 515 1846 ille
530 1811 673 1847 orando
693 1821 835 1854 causas,
853 1809 1020 1846 Servilius
1036 1807 1097 1844 diu
1113 1809 1203 1853 foro,
1222 1820 1308 1845 mox
1324 1808 1510 1844 tradendis

235 1875 344 1910 rebus
374 1874 554 1910 Romanis
586 1873 738 1910 celebris
767 1880 803 1909 et
832 1873 1013 1921 elegantia
1042 1873 1146 1916 vitae,
1176 1883 1287 1920 quam
1317 1871 1507 1907 clariorem

234 1938 364 1983 effecit,
386 1944 424 1973 ut
448 1949 512 1984 par
532 1937 692 1984 ingenio,
713 1937 762 1972 ita
781 1947 929 1971 morum
950 1936 1121 1971 diversus.

288 2005 357 2037 20.
387 1999 536 2036 Nerone
575 2007 744 2047 quartum
783 1999 957 2036 Cornelio
995 1998 1113 2034 Cosso
1151 1997 1364 2034 consulibus
1402 1997 1506 2044 quin-

235 2063 417 2112 quennale
444 2063 623 2099 ludicrum
653 2062 795 2098 Rornae
821 2063 1025 2097 institutum
1053 2067 1107 2097 est
1133 2061 1179 2097 ad
1207 2072 1347 2097 morem
1375 2060 1506 2096 Graeci

180 2142 218 2171 30
236 2126 454 2170 certaminis,
474 2126 573 2162 varia
592 2125 701 2170 sama,
720 2131 759 2160 ut
785 2131 916 2160 cuncta
942 2124 1055 2160 ferme
1080 2136 1186 2160 nova.
1242 2124 1377 2171 quippe
1403 2129 1506 2159 erant
1523 2131 1545 2159 2

236 2191 297 2238 qui
336 2189 506 2225 Gnaeum
551 2200 699 2236 quoque
736 2188 957 2234 Pompeium
1001 2187 1206 2223 incusatum
1243 2198 1264 2222 a
1301 2186 1506 2222 senioribus

236 2254 380 2296 ferrent,
398 2252 498 2300 quod
517 2263 730 2287 mansuram
751 2251 879 2286 theatri
900 2250 1025 2286 sedern
1045 2250 1236 2297 posuisset.
1292 2261 1378 2284 nam
1398 2256 1504 2284 antea
1522 2256 1544 2285 3

236 2316 415 2353 subitariis
448 2315 622 2362 gradibus
653 2321 687 2350 et
724 2326 857 2350 scaena
889 2313 926 2349 in
959 2320 1104 2360 tempus
1138 2320 1275 2348 structa
1308 2312 1413 2347 ludos
1447 2312 1505 2347 edi
