1674 2653
132 175 296 228 A.n.65.]
495 183 643 214 LIBER
669 183 747 214 XV.
805 184 900 216 CAP.
937 187 1073 224 51-54·

132 283 280 328 (laturis,
302 284 364 332 qui
385 296 406 319 a
427 283 680 320 coniuratione
705 284 833 331 integri
857 291 980 320 essent
1001 283 1135 332 quique
1156 283 1414 319 miserarentur

91 348 114 375 4
133 345 319 383 Neronem
345 354 533 394 tamquam
555 359 619 394 per
643 347 761 383 scelus
782 347 1025 383 intersectum.
1081 347 1245 394 plerique
1270 345 1413 381 Vestini

132 421 279 457 quoque
316 410 478 446 consulis
520 422 602 446 acre
645 410 834 457 ingenium
877 410 1043 446 vitavisse
1085 410 1257 445 Pisonem
1299 409 1414 444 credi-

132 472 275 517 derunt,
296 485 342 509 ne
366 473 411 509 ad
436 473 642 509 libertatem
667 479 840 516 oreretur,
863 473 916 508 vel
938 472 1079 509 delecto
1101 473 1320 520 imperatore
1343 471 1414 507 alio

92 543 112 571 5
133 536 187 572 sui
219 536 384 572 muneris
417 548 495 572 rem
529 536 713 584 publicam
747 535 893 572 faceret.
950 536 1084 572 etenim
1120 548 1253 583 expers
1289 535 1413 572 coniu-

132 599 279 635 rationis
301 604 389 643 erat,
409 599 578 647 quamvis
603 611 713 646 super
732 611 778 635 eo
798 599 949 635 crimine
971 598 1071 635 Nero
1096 606 1197 635 vetus
1221 599 1414 635 adversum

133 663 316 699 insontem
337 663 463 699 odium
484 662 690 710 expleverit.

184 730 248 763 53.
279 725 455 762 Tandem
481 732 637 762 statuere
663 726 884 763 circensium
912 727 1082 764 ludorum
1109 727 1177 772 die,
1204 726 1266 774 qui
1293 725 1416 762 Cereri

132 789 344 834 celebratur,
387 790 537 837 exsequi
582 789 773 834 destinata,
816 791 903 838 quia
945 790 1080 827 Caesar
1121 802 1220 826 rarus
1266 800 1415 836 egressu

133 853 321 901 domoque
342 860 402 889 aut
421 853 536 889 hortis
556 853 699 889 clausus
721 853 766 889 ad
787 853 926 890 ludicra
945 854 1032 890 circi
1053 853 1249 889 ventitabat
1264 864 1414 900 promp-

94 926 114 954 2
134 917 317 964 tioresque
352 917 473 953 aditus
506 923 608 953 erant
642 916 776 952 laetitia
810 917 1022 964 spectaculi.
1077 917 1244 953 ordinem
1278 915 1417 951 insidiis

133 986 430 1026 composuerant,
462 986 502 1015 ut
535 979 751 1024 Lateranus,
789 980 894 1028 quasi
928 980 1132 1016 subsidium
1167 980 1216 1015 rei
1250 978 1416 1014 familiari

133 1050 262 1087 oraret,
297 1043 606 1090 deprecabundus
639 1048 675 1079 et
714 1043 870 1091 genibus
908 1043 1083 1090 principis
1121 1043 1293 1079 accidens
1332 1053 1416 1089 pro-

135 1112 310 1142 sterneret
344 1106 532 1142 incautum
563 1113 833 1154 premeretque‚
868 1107 979 1142 animi
1012 1106 1150 1142 validus
1188 1113 1223 1142 et
1261 1116 1416 1152 corpore

96 1178 116 1206 3
136 1169 276 1216 ingens.
333 1176 411 1205 tum
440 1170 621 1205 iacentem
650 1176 685 1205 et
713 1169 930 1217 impeditum
958 1170 1092 1205 tribuni
1122 1176 1156 1206 et
1183 1169 1415 1205 centuriones

135 1240 171 1268 et
204 1241 422 1275 ceterorum,
456 1239 495 1268 ut
529 1233 684 1280 quisque
718 1232 913 1268 audentiae
948 1232 1147 1277 habuisset,
1181 1232 1416 1268 adcurrerent

135 1296 442 1343 trucidarentque,
460 1284 691 1343 primas-sibi
715 1303 838 1343 partes
863 1296 1117 1343 expostulante
1144 1296 1335 1339 Scaevino,
1355 1294 1418 1342 qui

133 1360 336 1407 pugionem
374 1359 512 1406 templo
548 1358 681 1395 Salutis
717 1360 801 1404 sive,
837 1366 876 1395 ut
911 1360 970 1395 alii
1004 1360 1197 1403 tradidere,
1233 1358 1417 1394 Fortunae

134 1422 331 1459 Ferentino
352 1423 388 1458 in
409 1422 546 1470 oppido
567 1422 773 1458 detraxerat
792 1424 1034 1471 gestabatque
1050 1423 1146 1459 velut
1162 1434 1300 1468 magno
1316 1422 1417 1469 operi

94 1494 116 1521 4
135 1497 290 1522 sacrum.
346 1486 489 1521 interim
513 1485 597 1522 Piso
618 1486 717 1533 apud
744 1486 874 1522 aedem
895 1486 1039 1523 Cereris
1060 1487 1298 1534 opperiretur,
1320 1484 1417 1520 unde

135 1561 219 1584 eum
248 1549 453 1596 praefectus
482 1548 640 1584 Faenius
669 1555 703 1584 et
732 1550 840 1585 ceteri
869 1550 1028 1585 accitum
1059 1549 1192 1585 ferrent
1221 1549 1257 1584 in
1286 1555 1416 1591 castra,

136 1612 331 1648 comitante
357 1612 519 1648 Antonia
543 1611 688 1647 Claudii
717 1612 884 1649 Caesaris
909 1612 981 1648 filia
1004 1612 1050 1648 ad
1078 1612 1297 1648 eliciendum
1320 1611 1417 1658 vulgi

96 1683 116 1710 5
137 1675 307 1718 favorem,
342 1675 443 1722 quod
477 1674 520 1711 C.
556 1674 692 1711 Plinius
731 1681 924 1711 memorat.
980 1676 1087 1711 nobis
1119 1687 1270 1722 quoquo
1303 1675 1417 1710 modo

136 1738 307 1774 traditum
345 1749 421 1774 non
458 1737 642 1773 occultare
677 1738 713 1773 in
747 1738 871 1774 animo
904 1737 980 1781 fuit,
1013 1739 1180 1785 quamvis
1218 1737 1416 1773 absurdum

136 1802 314 1838 videretur
343 1809 404 1837 aut
433 1801 580 1837 inanem
609 1801 655 1836 ad
684 1813 788 1848 spem
817 1802 1021 1837 Antoniam
1051 1813 1189 1837 nomen
1216 1807 1250 1836 et
1276 1801 1416 1848 pericu-

137 1866 212 1901 lum
245 1865 550 1908 commodavisse,
580 1871 641 1900 aut
674 1864 846 1900 Pisonem
881 1871 1009 1900 notum
1044 1876 1169 1900 amore
1203 1864 1327 1900 uxoris
1359 1864 1417 1899 alii

136 1928 372 1963 matrimonio
397 1939 435 1962 se
460 1927 711 1971 obstrinxisse,
734 1928 802 1963 nisi
823 1927 851 1963 si
873 1928 1009 1975 cupido
1033 1926 1250 1963 dominandi
1275 1926 1416 1962 cunctis

137 1991 339 2027 adfectibus
368 1990 583 2037 flagrantior
611 1997 674 2026 est.

190 2058 256 2091 54.
289 2053 361 2089 Sed
383 2054 517 2088 mirum
541 2065 651 2100 quam
676 2054 768 2088 inter
791 2053 920 2089 diversi
945 2053 1090 2101 generis
1114 2053 1262 2097 ordinis,
1288 2052 1414 2089 aetatis

136 2129 257 2160 sexus,
279 2117 370 2152 dites
393 2128 572 2163 pauperes
597 2116 838 2152 taciturnitate
860 2117 985 2152 omnia
1006 2116 1166 2152 cohibita
1186 2117 1267 2159 sint,
1293 2117 1412 2152 donec
1435 2130 1447 2145 ³

136 2179 295 2227 proditio
316 2179 436 2225 coepit
455 2192 475 2214 e
496 2180 609 2214 domo
631 2178 818 2222 Scaevini;
849 2179 911 2225 qui
933 2179 1047 2225 pridie
1067 2179 1278 2214 insidiarum
1299 2179 1414 2215 multo

137 2253 307 2278 sermone
336 2253 420 2277 cum
447 2242 613 2277 Antonio
638 2240 780 2284 Natale,
806 2241 889 2276 dein
916 2252 1102 2287 regressus
1127 2241 1278 2277 domum
1307 2249 1413 2278 testa-

136 2309 304 2339 mentum
342 2304 560 2351 obsignavit,
600 2308 812 2350 promptum
850 2302 982 2349 vagina
1015 2303 1227 2350 pugionem,
1261 2304 1307 2340 de
1339 2316 1413 2352 quo

1433 548 1449 578 5

1437 863 1474 884 10

1438 1183 1473 1213 15

1438 1496 1474 1516 20

1440 1815 1473 1845 25
