1664 2663
520 143 749 176 CORNELII
778 143 940 174 TACITI
962 143 1226 174 ANNALIUM
1277 134 1411 188 [A.1J.c.
1429 143 1502 183 807.

727 370 882 407 LIBER
914 370 1022 407 XIII.

287 491 317 527 1.
349 488 470 525 Pium
504 500 600 525 novo
634 488 836 536 principatu
870 499 971 524 mors
1003 487 1097 524 Iunii
1132 486 1244 523 Silani
1272 484 1503 534 proconsulis

237 551 343 588 Asiae
363 553 491 600 ignaro
512 551 660 588 Nerone
680 564 743 599 per
762 551 885 588 dolum
907 551 1131 599 Agrippinae
1150 557 1307 598 paratur,
1322 561 1399 585 non
1418 549 1504 596 quia

235 615 369 663 ingenii
391 615 561 652 violentia
580 616 729 656 exitium
751 615 967 658 inritaverat,
988 614 1111 661 segnis
1135 620 1170 650 et
1191 613 1503 657 dominationibus

234 679 312 715 ali1s
340 679 528 723 fastiditus,
554 679 647 715 adeo
675 684 713 714 ut
741 677 855 714 Gaius
879 677 1016 714 Caesar
1040 677 1221 724 pecudem
1245 688 1391 712 auream
1418 687 1502 711 eum

199 754 216 784 5
235 742 417 791 appellare
446 742 571 778 solitus
601 743 669 778 sit:
697 753 824 778 verum
851 740 1052 788 Agrippina
1077 739 1176 776 fratri
1204 740 1282 775 eius
1309 738 1350 774 L.
1379 738 1502 775 Silano
1520 745 1541 773 2

235 817 364 842 necem
396 805 523 842 molita
555 805 710 841 ultorem
743 805 939 848 metuebat,
974 804 1102 839 crebra
1135 803 1231 850 vulgi
1268 802 1366 838 fama
1402 808 1536 882 ante—xJ

234 869 449 918 ponendum
465 880 543 904 esse
559 868 709 903 vixdum
725 867 917 915 pueritiam
933 878 1083 914 egresso
1099 865 1237 902 Neroni
1256 872 1292 902 et
1311 865 1535 963 imperiumsl

235 945 298 981 per
318 932 436 968 scelus
456 931 590 979 adepto
615 929 1108 980 vairp-&composita
1129 929 1323 974 insontem,
1344 929 1503 964 nobilem

235 1004 280 1040 et,
309 996 409 1044 quod
438 1002 525 1030 tunc
555 1000 789 1041 spectaretur,
818 1006 837 1029 e
867 992 1072 1029 Caesarum
1100 993 1278 1040 posteris:
1308 991 1440 1040 quippe
1469 997 1505 1027 et

181 1069 219 1091 10
238 1059 381 1096 Silanus
397 1058 468 1095 divi
483 1058 639 1105 Augusti
656 1058 820 1104 abnepos
833 1064 919 1094 erat.
970 1056 1060 1092 haec
1074 1068 1184 1093 causa
1197 1056 1307 1092 necis.
1352 1054 1503 1091 ministri
1521 1062 1542 1090 3

235 1123 334 1159 fuere
354 1121 394 1158 P.
416 1122 522 1158 Celer
540 1132 654 1169 eques
674 1111 867 1156 Romanus
887 1127 922 1155 et
942 1119 1072 1155 Helius
1092 1119 1251 1164 libertus,
1271 1119 1321 1154 rei
1339 1117 1504 1154 familiari

235 1185 408 1235 principis
434 1185 470 1221 in
498 1184 588 1220 Asia
615 1183 771 1232 inpositi.
828 1184 875 1219 ab
898 1183 952 1219 his
977 1182 1187 1230 proconsuli
1212 1194 1393 1218 venenum
1412 1182 1505 1217 inter

235 1249 362 1298 epulas
391 1249 518 1285 datum
548 1252 603 1283 est
635 1247 794 1294 apertius
827 1258 940 1294 quam
976 1252 1014 1282 ut
1051 1245 1226 1282 fallerent.
1280 1257 1347 1281 nec
1384 1245 1544 1293 minus4

235 1318 430 1369 properato
451 1310 644 1347 Narcissus
664 1309 807 1346 Claudii
828 1310 983 1352 libertus,
1004 1309 1048 1344 de
1069 1309 1170 1344 cuius
1191 1309 1314 1355 iurgiis
1333 1308 1504 1344 adversus

182 1385 217 1417 15
239 1375 481 1423 Agrippinam
510 1373 638 1418 rettuli,
669 1385 797 1420 aspera
829 1373 993 1409 custodia
1023 1379 1059 1407 et
1092 1373 1306 1408 necessitate
1340 1378 1505 1407 extrema

236 1439 281 1475 ad
317 1444 473 1474 mortem
510 1437 679 1487 adigitur,
718 1436 831 1475 invito
868 1436 1044 1484 principe,
1085 1435 1187 1470 cuius
1221 1435 1351 1470 abditis
1383 1433 1503 1470 adhuc

235 1503 328 1539 vitiis
356 1514 421 1549 per
449 1500 635 1537 avaritiam
664 1511 707 1535 ac
735 1499 1001 1547 prodigentiam
1030 1498 1119 1534 mire
1150 1498 1384 1545 congruebat.

287 1569 322 1601 2.
351 1565 550 1617 Ibaturque
578 1564 615 1598 in
642 1563 785 1606 caedes,
811 1562 880 1607 nisi
907 1561 1079 1597 Afranius
1103 1560 1241 1596 Burrus
1266 1567 1301 1596 et
1329 1561 1505 1596 Annaeus

237 1629 379 1665 Seneca
402 1627 548 1664 obviam
576 1626 696 1662 issent.
752 1625 787 1661 hi
815 1632 972 1661 rectores
996 1624 1247 1672 imperatoriae
1267 1624 1432 1659 iuventae
1458 1629 1503 1667 et,
1521 1628 1543 1656 2

181 1703 219 1725 ²0
236 1704 357 1729 rarum
377 1692 414 1727 in
434 1690 607 1727 societate
629 1689 825 1737 potentiae,
839 1688 1050 1732 concordes,
1066 1687 1206 1724 diversa
1226 1693 1300 1723 arte
1320 1699 1364 1722 ex
1385 1697 1504 1733 aequo

236 1756 433 1804 pollebant,
450 1754 586 1789 Burrus
603 1753 816 1788 militaribus
830 1752 926 1788 curis
941 1758 976 1787 et
992 1750 1178 1787 severitate
1194 1761 1350 1794 morum,
1366 1749 1506 1785 Seneca

237 1818 440 1867 praeceptis
460 1816 690 1864 eloquentiae
711 1821 746 1851 et
765 1814 937 1852 comitate
957 1814 1121 1857 honesta,
1137 1814 1300 1849 iuvantes
1320 1813 1362 1871 ink
1375 1813 1503 1857 vicem,

237 1894 310 1930 quo
345 1881 482 1917 facilius
514 1879 693 1915 lubricam
725 1877 898 1926 principis
932 1883 1101 1920 aetatem,
1130 1877 1158 1912 si
1187 1876 1353 1911 virtutem
1383 1886 1522 1923 asper-<-

237 1951 392 1987 naretur,
412 1943 656 1990 voluptatibus
680 1941 867 1978 concessis
893 1940 1098 1976 retinerent.
1154 1933 1505 1986 certamen'utrique
1522 1944 1543 1973 3

182 2019 220 2050 ²5
238 2020 351 2044 unum
378 2014 454 2042 erat
483 2013 610 2041 contra
639 2005 812 2041 ferociam
836 2003 1074 2051 Agrippinae,
1096 2013 1190 2050 quae
1219 2002 1360 2037 cunctis
1387 2001 1505 2037 malae

237 2068 495 2107 dominationis
525 2067 755 2115 cupidinibus
785 2066 945 2114 flagrans
973 2065 1131 2102 habebat
1164 2065 1199 2100 in
1232 2065 1393 2112 partibus
1427 2063 1505 2099 Pal—

237 2134 386 2177 lantem‚
414 2144 487 2179 quo
515 2137 664 2167 auctore
694 2130 871 2166 Claudius
904 2129 1039 2176 nuptiis
1066 2128 1212 2164 incestis
1240 2134 1274 2163 et
1310 2126 1505 2174 adoptione

237 2197 391 2233 exitiosa
417 2200 532 2231 semet
565 2198 791 2240 perverterat.
848 2191 912 2227 sed
945 2203 1063 2238 neque
1093 2189 1233 2226 Neroni
1265 2189 1355 2225 infra
1384 2193 1546 2225 servos4

238 2259 439 2307 ingenium,
465 2263 500 2293 et
529 2255 648 2292 Pallas
671 2255 759 2290 tristi
788 2254 1002 2301 adrogantia
1027 2252 1179 2289 modum
1205 2252 1321 2288 liberti
1340 2262 1504 2299 egressus
