1674 2653
555 172 784 204 CORNELII
813 172 977 202 TACJTI
1001 172 1268 202 ANNALIUM
1318 164 1541 216 [A.U.c.812.

324 292 361 324 6.
392 286 468 322 Illic
488 292 659 332 reputans
673 284 757 321 ideo
778 297 815 321 se
832 284 1022 320 fallacibus
1042 285 1168 320 litteris
1184 285 1337 320 accitam
1356 284 1543 321 ethonore

271 349 470 397 praecipuo
496 348 669 391 habitam,
690 348 864 396 quodque
886 348 967 384 litus
994 348 1102 391 iuxta,
1125 360 1199 384 non
1220 348 1334 383 ventis
1358 354 1449 392 acta,
1471 358 1544 382 non

271 412 367 448 saxis
387 411 529 459 inpulsa
549 411 650 447 navis
675 423 820 447 summa
840 411 894 446 sui
915 417 1014 459 parte
1041 411 1148 447 veluti
1168 417 1332 447 terrestre
1359 410 1545 446 machina-

271 483 435 511 mentum
475 475 706 519 concidisset,
747 475 947 510 observans
989 475 1097 510 etiarn
1143 474 1367 510 Acerroniae
1405 486 1545 516 necem,

236 537 377 579 ssimul
413 550 519 573 suum
557 537 684 573 vulnus
722 538 912 585 aspiciens,
947 537 1067 573 solum
1100 537 1312 573 insidiarum
1345 536 1545 572 remedium

271 613 350 637 esse
399 603 516 646 sensit,
565 602 595 637 si
646 613 723 637 non
775 600 1094 647 intellegerentur余
1158 600 1328 647 misitque
1378 599 1545 635 libertum

271 665 486 715 Agerinum,
521 665 583 712 qui
614 665 798 700 nuntiaret
830 664 903 699 filio
937 663 1162 710 benignitate
1194 662 1303 698 deum
1337 669 1372 698 et
1404 662 1548 697 fortuna

271 728 348 763 eius
385 728 540 764 evasisse
578 739 726 775 gravem
764 739 912 772 casum3
962 738 1064 762 orare
1103 733 1141 762 ut
1179 726 1346 773 quamvis
1386 725 1546 774 periculo

271 791 397 827 matris
428 791 619 827 exterritus
650 790 787 826 visendi
819 802 942 826 curam
974 789 1157 831 differret余
1201 789 1266 824 sibi
1300 789 1346 824 ad
1377 799 1547 837 praesens

217 869 253 890 10
271 855 391 902 quiete
420 866 525 902 opus.
581 860 688 902 atque
717 853 860 889 interim
887 853 1077 889 securitate
1107 852 1275 888 simulata
1304 851 1584 887 mcdieaminaa

271 917 408 953 vulneri
429 924 463 953 et
483 917 644 954 fomenta
668 917 812 964 corpori
837 915 1007 959 adhibet余
1040 921 1298 950 testamentum
1325 914 1547 951 Acerroniae

270 980 406 1028 requiri
432 981 602 1028 bonaque
629 979 815 1026 obsignari
843 979 953 1023 iubet,
978 978 1013 1014 id
1042 984 1183 1014 tantum
1209 989 1284 1013 non
1309 989 1373 1025 per
1401 977 1546 1014 simula-

272 1044 421 1080 tionem.

323 1111 360 1145 7.
389 1107 439 1142 At
465 1106 605 1143 Neroni
631 1106 778 1142 nuntios
804 1105 934 1154 patrati
960 1105 1131 1141 facinoris
1157 1104 1360 1153 opperienti
1389 1103 1548 1140 adfertur

218 1185 252 1215 15
271 1171 426 1207 evasisse
455 1171 528 1207 ictu
556 1170 623 1207 levi
653 1171 816 1207 sauciam
850 1177 885 1206 et
913 1170 1094 1206 hactenus
1125 1170 1225 1205 adito
1255 1169 1472 1212 discrimine,
1503 1180 1548 1204 ne

272 1240 397 1271 auctor
434 1234 668 1270 dubitaretur.
724 1240 799 1269 tum
831 1245 964 1281 pavore
1002 1233 1182 1269 exanimis
1219 1239 1254 1268 et
1294 1233 1365 1268 iam
1402 1232 1585 1280 iamque2

271 1297 396 1334 adfore
429 1298 618 1334 obtestans
651 1297 829 1333 vindictae
862 1308 1068 1344 properam,
1103 1296 1176 1332 sive
1210 1296 1353 1332 servitia
1391 1300 1548 1331 armaret

271 1361 327 1396 vel
372 1360 523 1396 militem
575 1359 801 1403 accenderet,
850 1360 923 1395 sive
976 1359 1022 1395 ad
1068 1365 1236 1395 senatum
1283 1364 1317 1394 et
1370 1358 1547 1406 populum

272 1424 493 1471 pervaderet,
538 1422 769 1470 naufragium
816 1428 851 1458 et
898 1422 1027 1458 vulnus
1074 1429 1109 1457 et
1155 1422 1363 1458 interfectos
1410 1423 1548 1457 amicos

218 1501 256 1522 20
273 1486 478 1531 obiciendo,
513 1485 614 1534 quod
646 1492 774 1522 contra
807 1485 1011 1521 subsidium
1049 1485 1141 1520 sibi?
1192 1485 1260 1521 nisi
1293 1484 1380 1532 quid
1414 1484 1550 1520 Burrus

273 1556 308 1586 et
333 1550 495 1594 Seneea余
530 1561 623 1597 quos
649 1560 856 1596 expergens
883 1549 1003 1584 statim
1030 1548 1209 1584 acciverat
1235 1548 1411 1583 incertum
1440 1559 1486 1582 an
1513 1553 1547 1582 et

273 1621 356 1650 ante
392 1625 539 1661 gnaros.
595 1613 703 1659 igitur
735 1613 887 1659 longum
921 1612 1107 1660 utriusque
1145 1612 1337 1655 silentium,
1371 1623 1416 1647 ne
1453 1610 1585 1646 inriti3

273 1677 532 1720 dissuaderent,
571 1688 618 1712 an
657 1687 702 1712 eo
742 1676 961 1712 descensum
1001 1676 1210 1719 credebant,
1249 1679 1297 1718 ul,
1338 1675 1406 1711 nisi
1444 1685 1547 1722 prae-

274 1741 454 1777 veniretur
479 1739 692 1788 Agrippina,
718 1739 945 1787 pereundum
973 1738 1113 1774 Neroni
1140 1744 1245 1774 esset.
1301 1744 1384 1785 post
1408 1738 1548 1773 Seneca
1565 1740 1587 1767 4

220 1815 255 1845 25
275 1804 454 1840 hactenus
485 1803 703 1850 promptius,
734 1806 776 1837 ul
805 1802 1001 1849 respiceret
1032 1801 1190 1837 Burrum
1225 1813 1266 1837 ac
1297 1801 1547 1843 sciscitaretur,

275 1879 323 1903 an
360 1866 461 1902 militi
501 1865 718 1913 imperanda
759 1865 891 1901 caedes
930 1871 1036 1901 esset.
1090 1865 1148 1900 ille
1190 1864 1440 1911 praetorianos
1483 1862 1586 1901 toti5

276 1929 477 1966 Caesarum
518 1928 643 1964 domui
685 1927 875 1963 obstrictos
913 1939 1169 1974 memoresque
1212 1926 1423 1962 Germanici
1459 1924 1548 1960 nihil

276 1992 448 2028 adversus
464 1991 677 2039 progeniem
697 1991 774 2026 eius
794 1997 897 2026 atrox
918 2002 1071 2026 ausuros
1087 1989 1294 2036 respondit:
1326 1993 1549 2036 perpetraret

281 2054 453 2090 Anicetus
494 2052 683 2100 promissa.
738 2053 800 2100 qui
842 2052 931 2088 nihil
972 2058 1164 2088 cunctatus
1207 2051 1325 2098 poscit
1366 2061 1548 2086 summam

221 2127 260 2156 30
279 2117 430 2153 sceleris.
484 2116 530 2152 ad
561 2127 642 2152 eam
675 2127 805 2151 vocem
835 2115 935 2151 Nero
967 2115 1027 2151 illo
1059 2115 1127 2150 sibi
1158 2115 1214 2150 die
1248 2114 1325 2150 dari
1355 2114 1548 2161 imperium
1567 2123 1588 2151 6

278 2187 539 2227 auctoremque
565 2179 653 2214 tanti
679 2178 839 2213 muneris
863 2178 1030 2213 libertum
1059 2177 1266 2224 profitetur:
1305 2177 1370 2212 iret
1397 2187 1549 2223 propere

280 2243 501 2289 duceretque
542 2240 834 2288 promptissimos
875 2240 921 2276 ad
963 2240 1069 2275 iussa.
1124 2240 1203 2287 ipse
1242 2239 1367 2275 audito
1408 2238 1586 2275 venisse7

279 2305 392 2341 missu
411 2304 638 2351 Agrippinae
659 2303 828 2338 nuntium
847 2302 1060 2349 Agerinum,
1077 2314 1248 2339 scaenam
1267 2301 1362 2337 ultro
1388 2301 1550 2337 criminis
