1674 2653
132 194 209 220 m).
230 179 299 233 62.]
471 186 616 218 LIBER
644 186 742 218 XIV.
801 187 897 219 CAP.
929 183 1067 229 62-65.

91 302 112 331 5
131 299 242 337 quem
262 288 308 324 ad
328 289 440 324 finem
460 288 777 324 memorabimus?
823 289 1046 337 quicumque
1066 302 1172 326 casus
1193 297 1405 338 temporum

130 351 275 388 illorum
312 351 419 387 nobis
455 351 511 387 vel
548 351 625 387 aliis
668 351 881 387 auctoribus
925 360 1088 396 noscent,
1127 363 1405 402 praesumptum

131 413 298 458 habeant,
333 414 503 461 quotiens
536 414 641 461 sugas
673 420 709 450 et
746 414 877 450 caedes
916 415 1017 451 iussit
1054 416 1239 464 princeps,
1273 418 1407 453 totiens

130 483 252 525 grates
289 477 365 513 deis
403 484 513 521 actas,
552 488 720 524 quaeque
757 488 877 512 rerum
918 479 1162 514 secundarum
1195 479 1294 523 olim,
1329 487 1404 515 tum

90 550 111 578 6
130 540 299 588 publicae
328 539 442 576 cladis
471 540 628 586 insignia
658 539 778 575 fuisse.
835 552 955 587 neque
986 546 1109 576 tamen
1142 542 1341 586 silebimus,
1376 543 1405 578 si
1424 554 1441 585 5

130 603 232 651 quod
269 609 417 639 senatus
461 602 671 638 consultum
708 602 919 639 adulatione
957 616 1093 640 novum
1131 612 1192 641 aut
1230 606 1406 653 patientia

130 672 357 715 postremum
386 665 462 701 fuit.

183 732 245 766 65.
273 728 415 765 Eodem
430 740 529 765 anno
549 728 763 764 libertorum
784 729 996 776 potissimos
1016 741 1160 766 veneno
1180 731 1403 768 interfecisse

129 791 287 828 creditus
308 797 371 835 est,
387 790 647 838 Doryphorum
667 792 771 838 quasi
792 791 1023 827 adversatum
1043 794 1179 840 nuptiis
1196 793 1401 842 Poppaeae,

130 854 341 897 Pallantem,
363 854 464 902 quod
483 855 689 889 inmensam
707 865 898 901 pecuniam
916 854 1029 901 longa
1049 863 1196 892 senecta
1216 857 1402 894 detineret.
1425 870 1462 891 10

91 926 110 953 2
131 917 323 954 Romanus
356 917 502 953 secretis
534 916 852 952 criminationibus
885 917 1114 954 incusaverat
1149 918 1329 955 Senecam
1364 927 1403 957 ut

130 981 172 1017 C.
206 980 350 1016 Pisonis
381 980 535 1023 socium,
573 979 637 1016 sed
672 979 822 1014 validius
854 992 876 1016 a
910 979 1052 1016 Seneca
1083 982 1217 1018 eodem
1251 984 1402 1020 crimine

130 1043 317 1091 perculsus
353 1049 416 1079 est.
472 1042 569 1078 unde
608 1041 731 1078 Pisoni
775 1042 884 1078 timor
921 1049 956 1078 et
999 1050 1078 1080 orta
1115 1045 1328 1082 insidiarum
1364 1046 1402 1084 in

130 1106 317 1143 Neronem
347 1117 484 1153 magna
512 1104 629 1141 moles
659 1111 693 1141 et
722 1106 951 1153 inprospera.
