<?xml version="1.0" encoding="UTF-8"?>
<!DOCTYPE html PUBLIC "-//W3C//DTD XHTML 1.0 Transitional//EN"
    "http://www.w3.org/TR/xhtml1/DTD/xhtml1-transitional.dtd">
<html xmlns="http://www.w3.org/1999/xhtml" xml:lang="en" lang="en">
 <head>
  <title>
</title>
<meta http-equiv="Content-Type" content="text/html;charset=utf-8" />
  <meta name='ocr-system' content='tesseract 3.04.00' />
  <meta name='ocr-capabilities' content='ocr_page ocr_carea ocr_par ocr_line ocrx_word'/>
</head>
<body>
  <div class='ocr_page' id='page_1' title='image "./cornellitacitian00taci_0151.png"; bbox 0 0 1674 2653; ppageno 0'>
   <div class='ocr_carea' id='block_1_1' title="bbox 161 211 1221 264">
    <p class='ocr_par' dir='ltr' id='par_1_1' title="bbox 161 211 1221 264">
     <span class='ocr_line' id='line_1_1' title="bbox 161 211 1221 264; baseline -0.004 -13"><span class='ocrx_word' id='word_1_1' title='bbox 161 226 236 251; x_wconf 63' lang='grc' dir='ltr'>Μ).</span> <span class='ocrx_word' id='word_1_2' title='bbox 258 211 328 264; x_wconf 77' lang='lat'><strong>65.]</strong></span> <span class='ocrx_word' id='word_1_3' title='bbox 469 219 615 250; x_wconf 80' lang='lat' dir='ltr'><em>LIBER</em></span> <span class='ocrx_word' id='word_1_4' title='bbox 632 218 709 248; x_wconf 82' lang='lat' dir='ltr'>XV.</span> <span class='ocrx_word' id='word_1_5' title='bbox 729 218 826 249; x_wconf 77' lang='lat' dir='ltr'><em>CAP.</em></span> <span class='ocrx_word' id='word_1_6' title='bbox 846 217 1044 259; x_wconf 79' lang='lat' dir='ltr'>73—XVJ.</span> <span class='ocrx_word' id='word_1_7' title='bbox 1068 217 1165 249; x_wconf 81' lang='lat' dir='ltr'><em>CAP.</em></span> <span class='ocrx_word' id='word_1_8' title='bbox 1186 222 1221 258; x_wconf 95' lang='grc'>3.</span> 
     </span>
    </p>
   </div>
   <div class='ocr_carea' id='block_1_2' title="bbox 656 434 950 472">
    <p class='ocr_par' dir='ltr' id='par_1_2' title="bbox 656 434 950 472">
     <span class='ocr_line' id='line_1_2' title="bbox 656 434 950 472; baseline 0.007 -2"><span class='ocrx_word' id='word_1_9' title='bbox 656 434 814 471; x_wconf 88' lang='lat' dir='ltr'>LIBER</span> <span class='ocrx_word' id='word_1_10' title='bbox 845 434 950 472; x_wconf 87' lang='lat' dir='ltr'><strong>XVI.</strong></span> 
     </span>
    </p>
   </div>
   <div class='ocr_carea' id='block_1_3' title="bbox 121 575 1504 2401">
    <p class='ocr_par' dir='ltr' id='par_1_3' title="bbox 158 575 1476 942">
     <span class='ocr_line' id='line_1_3' title="bbox 212 575 1440 625; baseline -0.003 -7"><span class='ocrx_word' id='word_1_11' title='bbox 212 584 245 618; x_wconf 93' lang='lat'>1.</span> <span class='ocrx_word' id='word_1_12' title='bbox 273 579 427 617; x_wconf 71' lang='lat' dir='ltr'>INLusr‘r</span> <span class='ocrx_word' id='word_1_13' title='bbox 454 577 586 615; x_wconf 88' lang='lat' dir='ltr'>dehinc</span> <span class='ocrx_word' id='word_1_14' title='bbox 616 577 756 614; x_wconf 86' lang='lat' dir='ltr'>Neroni</span> <span class='ocrx_word' id='word_1_15' title='bbox 784 577 931 613; x_wconf 86' lang='lat' dir='ltr'>fortuna</span> <span class='ocrx_word' id='word_1_16' title='bbox 954 589 1020 625; x_wconf 91' lang='lat' dir='ltr'>per</span> <span class='ocrx_word' id='word_1_17' title='bbox 1038 577 1235 614; x_wconf 87' lang='lat' dir='ltr'>vanitatem</span> <span class='ocrx_word' id='word_1_18' title='bbox 1265 575 1378 624; x_wconf 89' lang='lat' dir='ltr'>ipsius</span> <span class='ocrx_word' id='word_1_19' title='bbox 1404 583 1440 614; x_wconf 89' lang='lat' dir='ltr'>et</span> 
     </span>
     <span class='ocr_line' id='line_1_4' title="bbox 159 640 1438 693; baseline -0.003 -13"><span class='ocrx_word' id='word_1_20' title='bbox 159 645 342 693; x_wconf 85' lang='lat' dir='ltr'>promissa</span> <span class='ocrx_word' id='word_1_21' title='bbox 365 642 521 679; x_wconf 83' lang='lat' dir='ltr'>Caeselli</span> <span class='ocrx_word' id='word_1_22' title='bbox 549 641 665 685; x_wconf 84' lang='lat' dir='ltr'>Bassi,</span> <span class='ocrx_word' id='word_1_23' title='bbox 689 641 750 689; x_wconf 89' lang='lat' dir='ltr'>qui</span> <span class='ocrx_word' id='word_1_24' title='bbox 781 641 923 688; x_wconf 80' lang='lat' dir='ltr'>origine</span> <span class='ocrx_word' id='word_1_25' title='bbox 951 640 1110 685; x_wconf 78' lang='lat' dir='ltr'>Poenus,</span> <span class='ocrx_word' id='word_1_26' title='bbox 1134 648 1257 677; x_wconf 89' lang='lat' dir='ltr'>mente</span> <span class='ocrx_word' id='word_1_27' title='bbox 1286 640 1438 686; x_wconf 88' lang='lat' dir='ltr'>turbida,</span> 
     </span>
     <span class='ocr_line' id='line_1_5' title="bbox 159 704 1437 753; baseline -0.003 -10"><span class='ocrx_word' id='word_1_28' title='bbox 159 714 361 743; x_wconf 90' lang='lat' dir='ltr'>nocturnae</span> <span class='ocrx_word' id='word_1_29' title='bbox 384 705 516 753; x_wconf 88' lang='lat' dir='ltr'>quietis</span> <span class='ocrx_word' id='word_1_30' title='bbox 542 705 742 752; x_wconf 81' lang='lat' dir='ltr'>imaginem</span> <span class='ocrx_word' id='word_1_31' title='bbox 763 704 810 739; x_wconf 89' lang='lat' dir='ltr'>ad</span> <span class='ocrx_word' id='word_1_32' title='bbox 837 716 942 752; x_wconf 90' lang='lat' dir='ltr'>spem</span> <span class='ocrx_word' id='word_1_33' title='bbox 968 704 1066 740; x_wconf 87' lang='lat' dir='ltr'>haud</span> <span class='ocrx_word' id='word_1_34' title='bbox 1088 704 1221 740; x_wconf 84' lang='lat' dir='ltr'>dubiae</span> <span class='ocrx_word' id='word_1_35' title='bbox 1250 704 1300 740; x_wconf 90' lang='lat' dir='ltr'>rei</span> <span class='ocrx_word' id='word_1_36' title='bbox 1319 704 1437 749; x_wconf 80' lang='lat' dir='ltr'>traxit,</span> 
     </span>
     <span class='ocr_line' id='line_1_6' title="bbox 160 767 1441 818; baseline -0.003 -12"><span class='ocrx_word' id='word_1_37' title='bbox 160 777 356 818; x_wconf 79' lang='lat' dir='ltr'>vectusque</span> <span class='ocrx_word' id='word_1_38' title='bbox 395 769 568 814; x_wconf 86' lang='lat' dir='ltr'>Romam,</span> <span class='ocrx_word' id='word_1_39' title='bbox 608 767 781 816; x_wconf 90' lang='lat' dir='ltr'>principis</span> <span class='ocrx_word' id='word_1_40' title='bbox 821 767 963 803; x_wconf 90' lang='lat' dir='ltr'>aditum</span> <span class='ocrx_word' id='word_1_41' title='bbox 1001 775 1218 812; x_wconf 80' lang='lat' dir='ltr'>emereatuS,</span> <span class='ocrx_word' id='word_1_42' title='bbox 1257 768 1441 816; x_wconf 85' lang='lat' dir='ltr'>expromit</span> 
     </span>
     <span class='ocr_line' id='line_1_7' title="bbox 158 830 1476 882; baseline -0.004 -12"><span class='ocrx_word' id='word_1_43' title='bbox 158 840 344 882; x_wconf 89' lang='lat' dir='ltr'>repertum</span> <span class='ocrx_word' id='word_1_44' title='bbox 364 833 401 868; x_wconf 91' lang='lat' dir='ltr'>in</span> <span class='ocrx_word' id='word_1_45' title='bbox 420 844 511 881; x_wconf 87' lang='lat' dir='ltr'>agro</span> <span class='ocrx_word' id='word_1_46' title='bbox 533 844 602 868; x_wconf 91' lang='lat' dir='ltr'>suo</span> <span class='ocrx_word' id='word_1_47' title='bbox 622 843 774 879; x_wconf 85' lang='lat' dir='ltr'>specum</span> <span class='ocrx_word' id='word_1_48' title='bbox 794 831 979 867; x_wconf 76' lang='lat' dir='ltr'>altitudine</span> <span class='ocrx_word' id='word_1_49' title='bbox 1003 830 1183 876; x_wconf 87' lang='lat' dir='ltr'>inmensa,</span> <span class='ocrx_word' id='word_1_50' title='bbox 1205 843 1281 879; x_wconf 92' lang='lat' dir='ltr'>quo</span> <span class='ocrx_word' id='word_1_51' title='bbox 1306 843 1441 878; x_wconf 88' lang='lat' dir='ltr'>magna</span> <span class='ocrx_word' id='word_1_52' title='bbox 1460 843 1476 873; x_wconf 90' lang='lat'>5</span> 
     </span>
     <span class='ocr_line' id='line_1_8' title="bbox 159 894 1442 942; baseline -0.002 -9"><span class='ocrx_word' id='word_1_53' title='bbox 159 897 211 933; x_wconf 89' lang='lat' dir='ltr'>vis</span> <span class='ocrx_word' id='word_1_54' title='bbox 239 897 314 933; x_wconf 85' lang='lat' dir='ltr'>auri</span> <span class='ocrx_word' id='word_1_55' title='bbox 344 896 603 939; x_wconf 78' lang='lat' dir='ltr'>contineretur,</span> <span class='ocrx_word' id='word_1_56' title='bbox 634 906 711 931; x_wconf 90' lang='lat' dir='ltr'>non</span> <span class='ocrx_word' id='word_1_57' title='bbox 739 894 776 930; x_wconf 91' lang='lat' dir='ltr'>in</span> <span class='ocrx_word' id='word_1_58' title='bbox 805 894 963 931; x_wconf 87' lang='lat' dir='ltr'>formam</span> <span class='ocrx_word' id='word_1_59' title='bbox 992 895 1180 942; x_wconf 87' lang='lat' dir='ltr'>pecuniae,</span> <span class='ocrx_word' id='word_1_60' title='bbox 1207 894 1271 931; x_wconf 93' lang='lat' dir='ltr'>sed</span> <span class='ocrx_word' id='word_1_61' title='bbox 1300 894 1380 930; x_wconf 92' lang='lat' dir='ltr'>rudi</span> <span class='ocrx_word' id='word_1_62' title='bbox 1408 900 1442 930; x_wconf 89' lang='lat' dir='ltr'>et</span> 
     </span>
    </p>

    <p class='ocr_par' dir='ltr' id='par_1_4' title="bbox 121 958 1443 1070">
     <span class='ocr_line' id='line_1_9' title="bbox 121 958 1442 1008; baseline -0.002 -12"><span class='ocrx_word' id='word_1_63' title='bbox 121 969 142 996; x_wconf 89' lang='lat'>2</span> <span class='ocrx_word' id='word_1_64' title='bbox 160 961 313 1008; x_wconf 88' lang='lat' dir='ltr'>antiquo</span> <span class='ocrx_word' id='word_1_65' title='bbox 341 959 515 1007; x_wconf 90' lang='lat' dir='ltr'>pondere.</span> <span class='ocrx_word' id='word_1_66' title='bbox 570 958 698 995; x_wconf 89' lang='lat' dir='ltr'>lateres</span> <span class='ocrx_word' id='word_1_67' title='bbox 725 958 863 1007; x_wconf 89' lang='lat' dir='ltr'>quippe</span> <span class='ocrx_word' id='word_1_68' title='bbox 891 969 1110 1006; x_wconf 81' lang='lat' dir='ltr'>praegraves</span> <span class='ocrx_word' id='word_1_69' title='bbox 1134 958 1263 1002; x_wconf 88' lang='lat' dir='ltr'>iacere,</span> <span class='ocrx_word' id='word_1_70' title='bbox 1293 958 1442 994; x_wconf 87' lang='lat' dir='ltr'>adstan-</span> 
     </span>
     <span class='ocr_line' id='line_1_10' title="bbox 161 1021 1443 1070; baseline -0.001 -12"><span class='ocrx_word' id='word_1_71' title='bbox 161 1024 255 1059; x_wconf 82' lang='lat' dir='ltr'>tibus</span> <span class='ocrx_word' id='word_1_72' title='bbox 293 1029 395 1070; x_wconf 91' lang='lat' dir='ltr'>parte</span> <span class='ocrx_word' id='word_1_73' title='bbox 430 1022 500 1058; x_wconf 88' lang='lat' dir='ltr'>alia</span> <span class='ocrx_word' id='word_1_74' title='bbox 531 1022 738 1066; x_wconf 85' lang='lat' dir='ltr'>columnis;</span> <span class='ocrx_word' id='word_1_75' title='bbox 778 1033 873 1070; x_wconf 89' lang='lat' dir='ltr'>quae</span> <span class='ocrx_word' id='word_1_76' title='bbox 912 1033 977 1069; x_wconf 89' lang='lat' dir='ltr'>per</span> <span class='ocrx_word' id='word_1_77' title='bbox 1009 1028 1151 1058; x_wconf 89' lang='lat' dir='ltr'>tanturn</span> <span class='ocrx_word' id='word_1_78' title='bbox 1181 1021 1260 1058; x_wconf 87' lang='lat' dir='ltr'>aevi</span> <span class='ocrx_word' id='word_1_79' title='bbox 1297 1021 1443 1058; x_wconf 91' lang='lat' dir='ltr'>occulta</span> 
     </span>
    </p>

    <p class='ocr_par' dir='ltr' id='par_1_5' title="bbox 121 1085 1501 1373">
     <span class='ocr_line' id='line_1_11' title="bbox 121 1085 1443 1134; baseline -0.001 -12"><span class='ocrx_word' id='word_1_80' title='bbox 121 1095 141 1123; x_wconf 90' lang='lat'><strong>3</strong></span> <span class='ocrx_word' id='word_1_81' title='bbox 160 1085 338 1134; x_wconf 83' lang='lat' dir='ltr'>augendis</span> <span class='ocrx_word' id='word_1_82' title='bbox 358 1085 610 1133; x_wconf 88' lang='lat' dir='ltr'>praesentibus</span> <span class='ocrx_word' id='word_1_83' title='bbox 630 1085 749 1121; x_wconf 91' lang='lat' dir='ltr'>bonis.</span> <span class='ocrx_word' id='word_1_84' title='bbox 805 1091 978 1129; x_wconf 88' lang='lat' dir='ltr'>ceterum,</span> <span class='ocrx_word' id='word_1_85' title='bbox 998 1091 1038 1121; x_wconf 94' lang='lat' dir='ltr'>ut</span> <span class='ocrx_word' id='word_1_86' title='bbox 1053 1085 1264 1121; x_wconf 88' lang='lat' dir='ltr'>coniectura</span> <span class='ocrx_word' id='word_1_87' title='bbox 1288 1085 1443 1122; x_wconf 90' lang='lat' dir='ltr'>demon-</span> 
     </span>
     <span class='ocr_line' id='line_1_12' title="bbox 160 1148 1501 1197; baseline 0 -12"><span class='ocrx_word' id='word_1_88' title='bbox 160 1150 309 1194; x_wconf 86' lang='lat' dir='ltr'>strabat,</span> <span class='ocrx_word' id='word_1_89' title='bbox 328 1148 427 1185; x_wconf 91' lang='lat' dir='ltr'>Dido</span> <span class='ocrx_word' id='word_1_90' title='bbox 447 1148 688 1185; x_wconf 81' lang='lat' dir='ltr'>Phoenissam</span> <span class='ocrx_word' id='word_1_91' title='bbox 708 1148 812 1196; x_wconf 87' lang='lat' dir='ltr'>Tyro</span> <span class='ocrx_word' id='word_1_92' title='bbox 832 1148 1028 1196; x_wconf 85' lang='lat' dir='ltr'>profugam</span> <span class='ocrx_word' id='word_1_93' title='bbox 1049 1148 1200 1185; x_wconf 86' lang='lat' dir='ltr'>condita</span> <span class='ocrx_word' id='word_1_94' title='bbox 1220 1149 1443 1197; x_wconf 85' lang='lat' dir='ltr'>Carthagine</span> <span class='ocrx_word' id='word_1_95' title='bbox 1463 1158 1501 1180; x_wconf 91' lang='lat'>10</span> 
     </span>
     <span class='ocr_line' id='line_1_13' title="bbox 159 1212 1441 1261; baseline 0.001 -13"><span class='ocrx_word' id='word_1_96' title='bbox 159 1213 238 1249; x_wconf 89' lang='lat' dir='ltr'>illas</span> <span class='ocrx_word' id='word_1_97' title='bbox 253 1224 342 1261; x_wconf 91' lang='lat' dir='ltr'>opes</span> <span class='ocrx_word' id='word_1_98' title='bbox 358 1212 553 1258; x_wconf 78' lang='lat' dir='ltr'>abdidisse,</span> <span class='ocrx_word' id='word_1_99' title='bbox 568 1224 614 1248; x_wconf 93' lang='lat' dir='ltr'>ne</span> <span class='ocrx_word' id='word_1_100' title='bbox 635 1223 753 1248; x_wconf 90' lang='lat' dir='ltr'>novus</span> <span class='ocrx_word' id='word_1_101' title='bbox 773 1212 933 1259; x_wconf 92' lang='lat' dir='ltr'>populus</span> <span class='ocrx_word' id='word_1_102' title='bbox 953 1212 1067 1247; x_wconf 84' lang='lat' dir='ltr'>nimia</span> <span class='ocrx_word' id='word_1_103' title='bbox 1081 1213 1238 1259; x_wconf 86' lang='lat' dir='ltr'>pecunia</span> <span class='ocrx_word' id='word_1_104' title='bbox 1252 1212 1441 1258; x_wconf 82' lang='lat' dir='ltr'>lasciviret,</span> 
     </span>
     <span class='ocr_line' id='line_1_14' title="bbox 161 1275 1443 1324; baseline 0 -12"><span class='ocrx_word' id='word_1_105' title='bbox 161 1282 222 1312; x_wconf 88' lang='lat' dir='ltr'>aut</span> <span class='ocrx_word' id='word_1_106' title='bbox 242 1288 348 1323; x_wconf 89' lang='lat' dir='ltr'>reges</span> <span class='ocrx_word' id='word_1_107' title='bbox 369 1275 627 1321; x_wconf 87' lang='lat' dir='ltr'>Numidarum,</span> <span class='ocrx_word' id='word_1_108' title='bbox 645 1282 680 1312; x_wconf 91' lang='lat' dir='ltr'>et</span> <span class='ocrx_word' id='word_1_109' title='bbox 692 1276 782 1311; x_wconf 86' lang='lat' dir='ltr'>alias</span> <span class='ocrx_word' id='word_1_110' title='bbox 798 1275 941 1320; x_wconf 90' lang='lat' dir='ltr'>infensi,</span> <span class='ocrx_word' id='word_1_111' title='bbox 959 1275 1133 1324; x_wconf 89' lang='lat' dir='ltr'>cupidine</span> <span class='ocrx_word' id='word_1_112' title='bbox 1153 1276 1229 1312; x_wconf 90' lang='lat' dir='ltr'>auri</span> <span class='ocrx_word' id='word_1_113' title='bbox 1246 1276 1292 1312; x_wconf 92' lang='lat' dir='ltr'>ad</span> <span class='ocrx_word' id='word_1_114' title='bbox 1308 1276 1443 1312; x_wconf 88' lang='lat' dir='ltr'>bellum</span> 
     </span>
     <span class='ocr_line' id='line_1_15' title="bbox 161 1336 460 1373; baseline -0.003 0"><span class='ocrx_word' id='word_1_115' title='bbox 161 1336 460 1373; x_wconf 85' lang='lat' dir='ltr'>accenderentur.</span> 
     </span>
    </p>

    <p class='ocr_par' dir='ltr' id='par_1_6' title="bbox 160 1399 1501 1576">
     <span class='ocr_line' id='line_1_16' title="bbox 213 1399 1444 1448; baseline 0.001 -12"><span class='ocrx_word' id='word_1_116' title='bbox 213 1404 251 1437; x_wconf 88' lang='lat'>2.</span> <span class='ocrx_word' id='word_1_117' title='bbox 282 1399 395 1447; x_wconf 83' lang='lat' dir='ltr'>Igitur</span> <span class='ocrx_word' id='word_1_118' title='bbox 416 1399 528 1443; x_wconf 85' lang='lat' dir='ltr'>Nero,</span> <span class='ocrx_word' id='word_1_119' title='bbox 556 1412 631 1436; x_wconf 92' lang='lat' dir='ltr'>non</span> <span class='ocrx_word' id='word_1_120' title='bbox 656 1401 827 1442; x_wconf 83' lang='lat' dir='ltr'>auctoris,</span> <span class='ocrx_word' id='word_1_121' title='bbox 859 1412 934 1436; x_wconf 89' lang='lat' dir='ltr'>non</span> <span class='ocrx_word' id='word_1_122' title='bbox 961 1400 1074 1448; x_wconf 86' lang='lat' dir='ltr'>ipsius</span> <span class='ocrx_word' id='word_1_123' title='bbox 1099 1401 1236 1448; x_wconf 90' lang='lat' dir='ltr'>negotii</span> <span class='ocrx_word' id='word_1_124' title='bbox 1262 1401 1333 1438; x_wconf 89' lang='lat' dir='ltr'>fide</span> <span class='ocrx_word' id='word_1_125' title='bbox 1358 1402 1444 1437; x_wconf 86' lang='lat' dir='ltr'>satis</span> 
     </span>
     <span class='ocr_line' id='line_1_17' title="bbox 160 1464 1501 1512; baseline -0.002 -12"><span class='ocrx_word' id='word_1_126' title='bbox 160 1470 325 1512; x_wconf 88' lang='lat' dir='ltr'>spectata</span> <span class='ocrx_word' id='word_1_127' title='bbox 350 1475 418 1499; x_wconf 88' lang='lat' dir='ltr'>nec</span> <span class='ocrx_word' id='word_1_128' title='bbox 447 1464 577 1508; x_wconf 87' lang='lat' dir='ltr'>missis,</span> <span class='ocrx_word' id='word_1_129' title='bbox 607 1476 671 1511; x_wconf 85' lang='lat' dir='ltr'>per</span> <span class='ocrx_word' id='word_1_130' title='bbox 701 1476 796 1512; x_wconf 88' lang='lat' dir='ltr'>quos</span> <span class='ocrx_word' id='word_1_131' title='bbox 824 1471 991 1500; x_wconf 89' lang='lat' dir='ltr'>nosceret</span> <span class='ocrx_word' id='word_1_132' title='bbox 1021 1477 1068 1500; x_wconf 89' lang='lat' dir='ltr'>an</span> <span class='ocrx_word' id='word_1_133' title='bbox 1094 1476 1178 1500; x_wconf 88' lang='lat' dir='ltr'>vera</span> <span class='ocrx_word' id='word_1_134' title='bbox 1206 1464 1444 1510; x_wconf 85' lang='lat' dir='ltr'>adferrentur,</span> <span class='ocrx_word' id='word_1_135' title='bbox 1465 1476 1501 1507; x_wconf 88' lang='lat'>15</span> 
     </span>
     <span class='ocr_line' id='line_1_18' title="bbox 161 1527 1445 1576; baseline 0.002 -13"><span class='ocrx_word' id='word_1_136' title='bbox 161 1534 271 1574; x_wconf 84' lang='lat' dir='ltr'>auget</span> <span class='ocrx_word' id='word_1_137' title='bbox 299 1527 395 1563; x_wconf 93' lang='lat' dir='ltr'>ultro</span> <span class='ocrx_word' id='word_1_138' title='bbox 423 1539 610 1563; x_wconf 90' lang='lat' dir='ltr'>rumorem</span> <span class='ocrx_word' id='word_1_139' title='bbox 638 1528 818 1576; x_wconf 88' lang='lat' dir='ltr'>mittitque</span> <span class='ocrx_word' id='word_1_140' title='bbox 849 1528 910 1576; x_wconf 91' lang='lat' dir='ltr'>qui</span> <span class='ocrx_word' id='word_1_141' title='bbox 940 1528 1037 1564; x_wconf 91' lang='lat' dir='ltr'>velut</span> <span class='ocrx_word' id='word_1_142' title='bbox 1065 1534 1231 1576; x_wconf 85' lang='lat' dir='ltr'>paratam</span> <span class='ocrx_word' id='word_1_143' title='bbox 1269 1529 1445 1576; x_wconf 87' lang='lat' dir='ltr'>praedam</span> 
     </span>
    </p>

    <p class='ocr_par' dir='ltr' id='par_1_7' title="bbox 121 1587 1504 2145">
     <span class='ocr_line' id='line_1_19' title="bbox 122 1587 1444 1638; baseline 0.002 -12"><span class='ocrx_word' id='word_1_144' title='bbox 122 1603 142 1630; x_wconf 89' lang='lat'>2</span> <span class='ocrx_word' id='word_1_145' title='bbox 162 1591 392 1627; x_wconf 88' lang='lat' dir='ltr'>adveherent.</span> <span class='ocrx_word' id='word_1_146' title='bbox 448 1591 581 1627; x_wconf 86' lang='lat' dir='ltr'>dantur</span> <span class='ocrx_word' id='word_1_147' title='bbox 600 1591 766 1627; x_wconf 88' lang='lat' dir='ltr'>triremes</span> <span class='ocrx_word' id='word_1_148' title='bbox 786 1598 822 1627; x_wconf 90' lang='lat' dir='ltr'>et</span> <span class='ocrx_word' id='word_1_149' title='bbox 845 1591 1029 1628; x_wconf 87' lang='lat' dir='ltr'>delectum</span> <span class='ocrx_word' id='word_1_150' title='bbox 1045 1587 1240 1638; x_wconf 83' lang='lat' dir='ltr'>remigium</span> <span class='ocrx_word' id='word_1_151' title='bbox 1262 1592 1444 1629; x_wconf 90' lang='lat' dir='ltr'>iuvandae</span> 
     </span>
     <span class='ocr_line' id='line_1_20' title="bbox 162 1642 1444 1703; baseline 0.002 -13"><span class='ocrx_word' id='word_1_152' title='bbox 162 1654 394 1691; x_wconf 82' lang='lat' dir='ltr'>festinationi.</span> <span class='ocrx_word' id='word_1_153' title='bbox 450 1667 518 1691; x_wconf 90' lang='lat' dir='ltr'>nec</span> <span class='ocrx_word' id='word_1_154' title='bbox 539 1655 636 1690; x_wconf 91' lang='lat' dir='ltr'>aliud</span> <span class='ocrx_word' id='word_1_155' title='bbox 657 1667 722 1702; x_wconf 90' lang='lat' dir='ltr'>per</span> <span class='ocrx_word' id='word_1_156' title='bbox 741 1655 820 1691; x_wconf 91' lang='lat' dir='ltr'>illos</span> <span class='ocrx_word' id='word_1_157' title='bbox 842 1655 917 1691; x_wconf 86' lang='lat' dir='ltr'>dies</span> <span class='ocrx_word' id='word_1_158' title='bbox 936 1655 1097 1703; x_wconf 92' lang='lat' dir='ltr'>populus</span> <span class='ocrx_word' id='word_1_159' title='bbox 1117 1642 1339 1701; x_wconf 65' lang='lat' dir='ltr'>credulitate,</span> <span class='ocrx_word' id='word_1_160' title='bbox 1361 1668 1444 1703; x_wconf 90' lang='lat' dir='ltr'>pru-</span> 
     </span>
     <span class='ocr_line' id='line_1_21' title="bbox 123 1718 1444 1766; baseline 0.002 -12"><span class='ocrx_word' id='word_1_161' title='bbox 123 1729 143 1757; x_wconf 89' lang='lat'><strong>3</strong></span> <span class='ocrx_word' id='word_1_162' title='bbox 163 1718 291 1755; x_wconf 89' lang='lat' dir='ltr'>dentes</span> <span class='ocrx_word' id='word_1_163' title='bbox 314 1718 457 1754; x_wconf 86' lang='lat' dir='ltr'>diversa</span> <span class='ocrx_word' id='word_1_164' title='bbox 479 1718 576 1754; x_wconf 85' lang='lat' dir='ltr'>sarna</span> <span class='ocrx_word' id='word_1_165' title='bbox 603 1718 728 1755; x_wconf 90' lang='lat' dir='ltr'>tulere.</span> <span class='ocrx_word' id='word_1_166' title='bbox 787 1730 829 1754; x_wconf 87' lang='lat' dir='ltr'>ac</span> <span class='ocrx_word' id='word_1_167' title='bbox 850 1718 942 1754; x_wconf 91' lang='lat' dir='ltr'>forte</span> <span class='ocrx_word' id='word_1_168' title='bbox 962 1719 1238 1766; x_wconf 88' lang='lat' dir='ltr'>quinquennale</span> <span class='ocrx_word' id='word_1_169' title='bbox 1262 1719 1444 1756; x_wconf 87' lang='lat' dir='ltr'>ludicrum</span> 
     </span>
     <span class='ocr_line' id='line_1_22' title="bbox 163 1781 1504 1832; baseline 0 -15"><span class='ocrx_word' id='word_1_170' title='bbox 163 1781 327 1818; x_wconf 85' lang='lat' dir='ltr'>secundo</span> <span class='ocrx_word' id='word_1_171' title='bbox 365 1782 479 1818; x_wconf 76' lang='lat' dir='ltr'>lustro</span> <span class='ocrx_word' id='word_1_172' title='bbox 525 1781 787 1826; x_wconf 88' lang='lat' dir='ltr'>celebrabatur,</span> <span class='ocrx_word' id='word_1_173' title='bbox 835 1783 882 1818; x_wconf 88' lang='lat' dir='ltr'>ab</span> <span class='ocrx_word' id='word_1_174' title='bbox 923 1782 1205 1830; x_wconf 88' lang='lat' dir='ltr'>oratoribusque</span> <span class='ocrx_word' id='word_1_175' title='bbox 1248 1784 1445 1832; x_wconf 88' lang='lat' dir='ltr'>praecipua</span> <span class='ocrx_word' id='word_1_176' title='bbox 1466 1797 1504 1818; x_wconf 87' lang='lat'>20</span> 
     </span>
     <span class='ocr_line' id='line_1_23' title="bbox 121 1845 1446 1893; baseline 0.002 -12"><span class='ocrx_word' id='word_1_177' title='bbox 121 1856 144 1883; x_wconf 83' lang='lat'>4</span> <span class='ocrx_word' id='word_1_178' title='bbox 163 1845 313 1881; x_wconf 89' lang='lat' dir='ltr'>materia</span> <span class='ocrx_word' id='word_1_179' title='bbox 336 1846 372 1881; x_wconf 90' lang='lat' dir='ltr'>in</span> <span class='ocrx_word' id='word_1_180' title='bbox 396 1845 542 1881; x_wconf 86' lang='lat' dir='ltr'>laudem</span> <span class='ocrx_word' id='word_1_181' title='bbox 570 1845 743 1893; x_wconf 90' lang='lat' dir='ltr'>principis</span> <span class='ocrx_word' id='word_1_182' title='bbox 763 1845 960 1893; x_wconf 84' lang='lat' dir='ltr'>adsumpta</span> <span class='ocrx_word' id='word_1_183' title='bbox 980 1852 1045 1882; x_wconf 79' lang='lat' dir='ltr'>est,</span> <span class='ocrx_word' id='word_1_184' title='bbox 1102 1858 1178 1882; x_wconf 92' lang='lat' dir='ltr'>non</span> <span class='ocrx_word' id='word_1_185' title='bbox 1199 1846 1298 1882; x_wconf 90' lang='lat' dir='ltr'>enim</span> <span class='ocrx_word' id='word_1_186' title='bbox 1322 1847 1446 1883; x_wconf 90' lang='lat' dir='ltr'>solitas</span> 
     </span>
     <span class='ocr_line' id='line_1_24' title="bbox 162 1908 1446 1957; baseline 0.002 -14"><span class='ocrx_word' id='word_1_187' title='bbox 162 1914 304 1944; x_wconf 90' lang='lat' dir='ltr'>tantum</span> <span class='ocrx_word' id='word_1_188' title='bbox 327 1909 450 1956; x_wconf 87' lang='lat' dir='ltr'>fruges</span> <span class='ocrx_word' id='word_1_189' title='bbox 477 1921 545 1945; x_wconf 89' lang='lat' dir='ltr'>nec</span> <span class='ocrx_word' id='word_1_190' title='bbox 565 1908 760 1945; x_wconf 89' lang='lat' dir='ltr'>confusum</span> <span class='ocrx_word' id='word_1_191' title='bbox 792 1909 948 1945; x_wconf 90' lang='lat' dir='ltr'>metallis</span> <span class='ocrx_word' id='word_1_192' title='bbox 969 1922 1099 1945; x_wconf 87' lang='lat' dir='ltr'>aurum</span> <span class='ocrx_word' id='word_1_193' title='bbox 1127 1910 1239 1957; x_wconf 88' lang='lat' dir='ltr'>gigni,</span> <span class='ocrx_word' id='word_1_194' title='bbox 1261 1910 1325 1946; x_wconf 90' lang='lat' dir='ltr'>sed</span> <span class='ocrx_word' id='word_1_195' title='bbox 1350 1922 1446 1947; x_wconf 90' lang='lat' dir='ltr'>nova</span> 
     </span>
     <span class='ocr_line' id='line_1_25' title="bbox 161 1972 1445 2022; baseline 0.002 -15"><span class='ocrx_word' id='word_1_196' title='bbox 161 1972 328 2007; x_wconf 82' lang='lat' dir='ltr'>ubertate</span> <span class='ocrx_word' id='word_1_197' title='bbox 349 1972 540 2019; x_wconf 82' lang='lat' dir='ltr'>provenire</span> <span class='ocrx_word' id='word_1_198' title='bbox 554 1978 688 2008; x_wconf 90' lang='lat' dir='ltr'>terram</span> <span class='ocrx_word' id='word_1_199' title='bbox 704 1977 739 2008; x_wconf 88' lang='lat' dir='ltr'>et</span> <span class='ocrx_word' id='word_1_200' title='bbox 752 1972 877 2008; x_wconf 88' lang='lat' dir='ltr'>obvias</span> <span class='ocrx_word' id='word_1_201' title='bbox 893 1984 984 2020; x_wconf 90' lang='lat' dir='ltr'>opes</span> <span class='ocrx_word' id='word_1_202' title='bbox 1000 1973 1142 2009; x_wconf 87' lang='lat' dir='ltr'>deferre</span> <span class='ocrx_word' id='word_1_203' title='bbox 1159 1974 1260 2018; x_wconf 92' lang='lat' dir='ltr'>deos,</span> <span class='ocrx_word' id='word_1_204' title='bbox 1277 1986 1445 2022; x_wconf 87' lang='lat' dir='ltr'>quaeque</span> 
     </span>
     <span class='ocr_line' id='line_1_26' title="bbox 163 2035 1444 2085; baseline 0.004 -16"><span class='ocrx_word' id='word_1_205' title='bbox 163 2035 232 2070; x_wconf 87' lang='lat' dir='ltr'>alia</span> <span class='ocrx_word' id='word_1_206' title='bbox 253 2046 398 2070; x_wconf 89' lang='lat' dir='ltr'>summa</span> <span class='ocrx_word' id='word_1_207' title='bbox 418 2035 590 2071; x_wconf 87' lang='lat' dir='ltr'>facundia</span> <span class='ocrx_word' id='word_1_208' title='bbox 609 2047 678 2072; x_wconf 90' lang='lat' dir='ltr'>nec</span> <span class='ocrx_word' id='word_1_209' title='bbox 702 2035 844 2072; x_wconf 90' lang='lat' dir='ltr'>minore</span> <span class='ocrx_word' id='word_1_210' title='bbox 860 2035 1070 2073; x_wconf 86' lang='lat' dir='ltr'>adulatione</span> <span class='ocrx_word' id='word_1_211' title='bbox 1084 2037 1225 2073; x_wconf 88' lang='lat' dir='ltr'>servilia</span> <span class='ocrx_word' id='word_1_212' title='bbox 1246 2037 1444 2085; x_wconf 88' lang='lat' dir='ltr'>fingebant,</span> 
     </span>
     <span class='ocr_line' id='line_1_27' title="bbox 164 2096 1502 2145; baseline 0.001 -12"><span class='ocrx_word' id='word_1_213' title='bbox 164 2097 279 2133; x_wconf 88' lang='lat' dir='ltr'>securi</span> <span class='ocrx_word' id='word_1_214' title='bbox 301 2097 345 2132; x_wconf 91' lang='lat' dir='ltr'>de</span> <span class='ocrx_word' id='word_1_215' title='bbox 365 2096 533 2133; x_wconf 89' lang='lat' dir='ltr'>facilitate</span> <span class='ocrx_word' id='word_1_216' title='bbox 557 2098 751 2135; x_wconf 88' lang='lat' dir='ltr'>credentis.</span> <span class='ocrx_word' id='word_1_217' title='bbox 1465 2114 1502 2145; x_wconf 84' lang='lat'>²5</span> 
     </span>
    </p>

    <p class='ocr_par' dir='ltr' id='par_1_8' title="bbox 163 2159 1446 2336">
     <span class='ocr_line' id='line_1_28' title="bbox 216 2159 1445 2213; baseline 0.004 -17"><span class='ocrx_word' id='word_1_218' title='bbox 216 2164 253 2196; x_wconf 85' lang='lat'>3.</span> <span class='ocrx_word' id='word_1_219' title='bbox 283 2159 471 2195; x_wconf 87' lang='lat' dir='ltr'>Gliscebat</span> <span class='ocrx_word' id='word_1_220' title='bbox 493 2159 638 2196; x_wconf 89' lang='lat' dir='ltr'>interim</span> <span class='ocrx_word' id='word_1_221' title='bbox 662 2161 806 2197; x_wconf 79' lang='lat' dir='ltr'>luxuria</span> <span class='ocrx_word' id='word_1_222' title='bbox 833 2173 897 2209; x_wconf 88' lang='lat' dir='ltr'>spe</span> <span class='ocrx_word' id='word_1_223' title='bbox 925 2161 1036 2205; x_wconf 84' lang='lat' dir='ltr'>inani,</span> <span class='ocrx_word' id='word_1_224' title='bbox 1061 2165 1445 2213; x_wconf 89' lang='lat' dir='ltr'>consumebanturque</span> 
     </span>
     <span class='ocr_line' id='line_1_29' title="bbox 163 2223 1443 2275; baseline 0.005 -17"><span class='ocrx_word' id='word_1_225' title='bbox 163 2229 301 2258; x_wconf 90' lang='lat' dir='ltr'>veteres</span> <span class='ocrx_word' id='word_1_226' title='bbox 321 2234 412 2269; x_wconf 91' lang='lat' dir='ltr'>opes</span> <span class='ocrx_word' id='word_1_227' title='bbox 433 2223 538 2270; x_wconf 91' lang='lat' dir='ltr'>quasi</span> <span class='ocrx_word' id='word_1_228' title='bbox 559 2223 700 2267; x_wconf 83' lang='lat' dir='ltr'>oblatis,</span> <span class='ocrx_word' id='word_1_229' title='bbox 724 2235 816 2270; x_wconf 87' lang='lat' dir='ltr'>quas</span> <span class='ocrx_word' id='word_1_230' title='bbox 836 2225 971 2260; x_wconf 91' lang='lat' dir='ltr'>multos</span> <span class='ocrx_word' id='word_1_231' title='bbox 999 2237 1064 2272; x_wconf 86' lang='lat' dir='ltr'>per</span> <span class='ocrx_word' id='word_1_232' title='bbox 1083 2239 1201 2263; x_wconf 90' lang='lat' dir='ltr'>annos</span> <span class='ocrx_word' id='word_1_233' title='bbox 1224 2229 1443 2275; x_wconf 88' lang='lat' dir='ltr'>prodigeret.</span> 
     </span>
     <span class='ocr_line' id='line_1_30' title="bbox 163 2285 1446 2336; baseline 0.006 -16"><span class='ocrx_word' id='word_1_234' title='bbox 163 2287 252 2333; x_wconf 90' lang='lat' dir='ltr'>quin</span> <span class='ocrx_word' id='word_1_235' title='bbox 272 2292 306 2321; x_wconf 91' lang='lat' dir='ltr'>et</span> <span class='ocrx_word' id='word_1_236' title='bbox 329 2285 413 2321; x_wconf 88' lang='lat' dir='ltr'>inde</span> <span class='ocrx_word' id='word_1_237' title='bbox 440 2286 513 2321; x_wconf 89' lang='lat' dir='ltr'>iarn</span> <span class='ocrx_word' id='word_1_238' title='bbox 535 2285 777 2332; x_wconf 79' lang='lat' dir='ltr'>largiebatur3</span> <span class='ocrx_word' id='word_1_239' title='bbox 808 2293 842 2321; x_wconf 90' lang='lat' dir='ltr'>et</span> <span class='ocrx_word' id='word_1_240' title='bbox 872 2286 1079 2323; x_wconf 86' lang='lat' dir='ltr'>divitiarum</span> <span class='ocrx_word' id='word_1_241' title='bbox 1102 2292 1328 2336; x_wconf 86' lang='lat' dir='ltr'>exspectatio</span> <span class='ocrx_word' id='word_1_242' title='bbox 1354 2291 1446 2328; x_wconf 88' lang='lat' dir='ltr'>inter</span> 
     </span>
    </p>

    <p class='ocr_par' dir='ltr' id='par_1_9' title="bbox 127 2348 1446 2401">
     <span class='ocr_line' id='line_1_31' title="bbox 127 2348 1446 2401; baseline 0.004 -15"><span class='ocrx_word' id='word_1_243' title='bbox 127 2360 148 2387; x_wconf 87' lang='lat'>2</span> <span class='ocrx_word' id='word_1_244' title='bbox 165 2360 293 2385; x_wconf 82' lang='lat' dir='ltr'>causas</span> <span class='ocrx_word' id='word_1_245' title='bbox 317 2348 539 2396; x_wconf 87' lang='lat' dir='ltr'>paupertatis</span> <span class='ocrx_word' id='word_1_246' title='bbox 568 2348 735 2395; x_wconf 86' lang='lat' dir='ltr'>publicae</span> <span class='ocrx_word' id='word_1_247' title='bbox 763 2355 848 2385; x_wconf 87' lang='lat' dir='ltr'>erat.</span> <span class='ocrx_word' id='word_1_248' title='bbox 904 2361 991 2385; x_wconf 85' lang='lat' dir='ltr'>narn</span> <span class='ocrx_word' id='word_1_249' title='bbox 1021 2349 1168 2395; x_wconf 85' lang='lat' dir='ltr'>Bassus,</span> <span class='ocrx_word' id='word_1_250' title='bbox 1189 2353 1325 2389; x_wconf 79' lang='lat' dir='ltr'>effosso</span> <span class='ocrx_word' id='word_1_251' title='bbox 1355 2365 1446 2401; x_wconf 85' lang='lat' dir='ltr'>agro</span> 
     </span>
    </p>
   </div>
  </div>
 </body>
</html>
