1674 2653
133 208 210 234 iun.
230 194 299 246 65.]
538 201 684 233 LIBER
713 199 812 234 XVI.
872 199 968 233 CAP.
998 196 1112 233 8-12.

91 309 116 337 4
133 303 264 340 milites
307 303 452 340 occulta
494 303 659 340 custodia
702 303 940 338 circumdant.
1006 302 1130 339 aderat
1174 302 1258 346 filia,
1303 308 1412 348 super

133 366 306 413 ingruens
330 365 532 413 periculum
557 365 671 412 longo
699 364 823 401 dolore
853 371 965 409 atrox,
995 377 1040 401 ex
1070 376 1146 412 quo
1174 375 1411 412 percussores

132 426 250 464 Plauti
277 430 395 465 mariti
424 429 479 464 sui
507 428 666 473 viderat;
704 435 970 476 cruentamque
1000 428 1182 465 cervicem
1220 428 1297 463 eius
1334 439 1411 463 am-

132 491 241 539 plexa
269 493 434 529 servabat
463 492 679 539 sanguinem
709 498 745 527 et
772 498 887 527 vestes
918 503 1112 538 respersas,
1140 491 1250 527 vidua
1279 491 1411 538 inpexa

132 554 232 591 luctu
253 556 430 592 continuo
450 567 518 592 nec
540 555 621 591 ullis
641 555 823 591 alimentis
844 555 912 590 nisi
933 567 1027 603 quae
1048 561 1207 591 mortem
1235 560 1411 591 arcerent.
1431 568 1447 599 5

92 627 114 656 5
132 625 209 655 tum
229 619 396 655 hortante
422 626 523 667 patre
544 618 743 666 Neapolim
770 619 900 665 pergit.
956 624 991 654 et
1018 618 1101 666 quia
1126 618 1225 654 aditu
1252 617 1412 654 Neronis

133 682 404 729 prohibebatur,
424 694 594 730 egressus
620 681 806 725 obsidens,
828 681 966 717 audiret
992 681 1179 718 insontem
1206 693 1297 717 neve
1324 693 1412 717 con-

132 746 269 782 sulatus
290 746 345 782 sui
364 746 553 794 quondam
569 745 750 792 collegam
770 744 919 781 dederet
944 744 1084 788 liberto,
1106 744 1220 782 modo
1244 744 1412 780 muliebri

132 809 278 854 eiulatu,
308 809 507 857 aliquando
544 820 673 844 sexum
708 820 854 854 egressa
883 819 971 844 voce
1009 807 1152 844 infensa
1190 808 1412 851 clamitabat,

133 871 251 908 donec
288 873 459 920 princeps
496 871 710 908 inmobilem
757 883 796 907 se
832 871 1002 919 precibus
1038 878 1074 907 et
1109 871 1267 907 invidiae
1312 870 1411 907 iuxta
1434 884 1470 905 10

130 935 300 971 ostendit.

183 1003 237 1035 11.
267 998 367 1046 Ergo
405 999 547 1034 nuntiat
584 998 677 1046 patri
716 998 859 1034 abicere
888 1009 993 1045 spem
1020 1004 1056 1034 et
1089 998 1141 1034 uti
1172 998 1410 1035 necessitate:

133 1062 240 1098 simul
259 1061 418 1098 adfertur
443 1062 560 1109 parari
581 1062 834 1108 cognitionem
862 1068 1011 1097 senatus
1037 1067 1072 1097 et
1097 1068 1237 1097 trucem
1265 1067 1412 1097 senten-

93 1139 114 1166 2
133 1126 231 1162 tiam.
286 1137 355 1161 nec
384 1125 530 1161 defuere
560 1125 621 1172 qui
649 1129 844 1160 monerent
871 1135 1008 1170 magna
1036 1136 1082 1160 ex
1108 1130 1211 1172 parte
1236 1123 1411 1160 heredem

133 1188 327 1225 Caesarem
349 1199 560 1235 nuncupare
581 1194 688 1234 atque
708 1187 757 1222 ita
773 1187 969 1234 nepotibus
989 1186 1033 1222 de
1048 1187 1187 1234 reliquo
1205 1186 1408 1223 consulere.
1434 1200 1470 1231 15

94 1265 114 1293 3
133 1252 234 1300 quod
260 1258 484 1299 aspernatus,
506 1263 552 1286 ne
578 1250 689 1286 vitam
718 1250 886 1297 proxime
913 1249 1116 1285 libertatem
1146 1256 1268 1285 actam
1289 1249 1410 1285 novis-

133 1316 227 1351 simo
256 1315 399 1351 servitio
428 1314 602 1358 foedaret,
642 1313 791 1360 largitur
829 1313 866 1348 in
904 1324 1029 1348 servos
1066 1319 1248 1360 quantum
1286 1312 1411 1348 aderat

131 1378 330 1426 pecuniae3
359 1384 394 1414 et
414 1377 443 1413 si
463 1389 536 1424 qua
555 1376 731 1428 asportari
752 1383 912 1424 possent,
930 1377 997 1412 sibi
1013 1388 1199 1424 quemque
1216 1376 1409 1419 deducere,

91 1451 114 1479 4
132 1443 193 1478 tris
212 1441 325 1478 modo
344 1441 496 1477 lectulos
516 1440 562 1476 ad
582 1451 754 1487 suprema
779 1439 924 1476 retineri
945 1440 1055 1475 iubet.
1110 1446 1198 1475 tunc
1219 1439 1352 1477 eodem
1374 1439 1410 1473 in

131 1505 310 1549 cubiculo,
330 1505 462 1541 eodem
482 1503 577 1540 ferro
593 1503 812 1539 abscindunt
827 1514 948 1547 venas,
965 1503 1188 1551 properique
1208 1509 1244 1539 et
1260 1502 1410 1550 singulis
1432 1515 1470 1535 20

132 1569 291 1604 vestibus
306 1568 352 1603 ad
365 1567 623 1603 verecundiam
639 1566 745 1602 velati
758 1567 910 1602 balineis
930 1566 1142 1610 inferuntur,
1164 1573 1267 1614 pater
1285 1566 1409 1609 filiam,

131 1632 210 1668 avia
229 1637 388 1678 neptem,
402 1631 461 1666 illa
477 1637 650 1678 utrosque
665 1631 820 1674 intuens,
839 1637 872 1665 et
888 1630 1052 1665 certatim
1065 1636 1258 1677 precantes
1274 1629 1410 1664 labenti

131 1695 276 1731 animae
313 1695 469 1731 celerem
498 1694 648 1737 exitum,
677 1701 716 1730 ut
744 1693 989 1741 relinquerent
1017 1704 1104 1729 suos
1134 1693 1347 1740 superstites
1375 1698 1412 1727 et

92 1770 114 1798 5
131 1759 337 1794 morituros.
375 1757 595 1804 servavitque
611 1756 780 1792 ordinem
800 1755 954 1800 fortuna,
970 1767 1012 1791 ac
1028 1756 1189 1792 seniores
1206 1756 1316 1803 prius,
1332 1762 1410 1790 tum

91 1833 113 1860 6
131 1822 189 1856 cui
207 1821 325 1869 prima
351 1827 451 1856 aetas
478 1819 750 1867 extinguuntur.
806 1818 964 1854 accusati
992 1825 1076 1865 post
1096 1817 1321 1865 sepulturam
1347 1818 1408 1853 de-
1431 1828 1468 1860 25

131 1891 345 1932 cretumque
364 1889 404 1919 ut
423 1894 524 1919 more
545 1883 724 1918 maiorum
747 1881 970 1929 punirentur.
1019 1888 1055 1917 at
1071 1880 1173 1917 Nero
1193 1881 1408 1924 intercessit,

131 1953 287 1983 mortem
306 1947 383 1982 sine
404 1947 539 1982 arbitro
562 1945 795 1992 permittens:
826 1956 870 1980 ea
889 1943 1064 1980 caedibus
1083 1944 1241 1992 peractis
1260 1943 1412 1980 ludibria

131 2010 390 2046 adiciebantur.

182 2076 242 2108 12.
272 2072 312 2107 P.
332 2072 459 2108 Gallus
484 2083 597 2119 eques
623 2070 826 2114 Romanus,
848 2070 947 2117 quod
968 2070 1106 2106 Faenio
1133 2069 1232 2106 Rufo
1259 2069 1410 2104 intimus

132 2142 167 2169 et
185 2134 309 2169 Veteri
328 2145 403 2168 non
423 2133 563 2168 alienus
589 2132 714 2175 fuerat,
742 2143 839 2179 aqua
868 2141 977 2178 atque
1007 2132 1080 2178 igni
1109 2132 1314 2178 prohibitus
1343 2137 1408 2166 est.
1428 2143 1468 2175 30

93 2204 114 2232 2
131 2195 262 2230 liberto
287 2202 322 2230 et
342 2194 544 2230 accusatori
569 2194 773 2240 praemium
800 2204 934 2239 operae
960 2193 1062 2228 locus
1090 2194 1127 2227 in
1146 2193 1290 2229 theatro
1315 2193 1409 2228 inter

93 2267 114 2294 3
131 2257 285 2292 viatores
305 2255 519 2292 tribunicios
539 2255 654 2290 datur.
700 2264 734 2289 et
754 2265 900 2289 menses
915 2254 977 2300 qui
990 2254 1154 2300 Aprilem
1173 2255 1407 2302 eundemque

132 2317 347 2354 Neroneum
383 2318 640 2364 sequebantur,
675 2315 797 2352 Maius
836 2315 990 2360 Claudii,
1028 2316 1158 2352 Iunius
1194 2315 1406 2354 Germanici
