1674 2653
152 217 226 242 Aa).
248 204 320 258 65.]
521 210 668 242 LIBER
695 210 793 241 XVI.
851 210 948 241 CAP.
978 212 1064 252 3-7·

113 314 326 353 asedilibus
363 312 591 357 continuant,
633 313 768 349 morbo
807 312 981 348 exitiabili
1029 318 1226 360 correptos.
1294 311 1432 360 quippe

152 378 296 425 gravior
314 378 427 414 inerat
446 383 576 420 metus,
597 376 627 418 si
646 375 858 423 spectaculo
875 375 1085 421 defuissent,
1106 376 1229 412 multis
1252 375 1375 424 palam
1394 382 1431 413 et

152 440 317 489 pluribus
342 440 503 485 occultis,
524 446 563 476 ut
586 440 739 476 nomina
763 452 806 476 ac
825 439 954 485 vultus,
981 440 1205 476 alacritatem
1230 439 1431 476 tristitiam-

112 512 135 540 4
153 517 225 553 que
254 505 464 541 coeuntium
494 510 748 540 scrutarentur.
802 503 901 539 unde
930 503 1156 540 tenuioribus
1185 503 1306 540 statim
1334 503 1431 539 inro-

152 574 238 616 gata
257 568 446 616 supplicia,
468 567 663 604 adversum
691 566 860 603 inlustres
887 566 1156 603 dissimulatum
1184 566 1230 603 ad
1256 578 1431 615 praesens
1449 582 1468 614 5

112 638 133 667 5
151 638 186 668 et
205 644 293 668 mox
309 631 489 667 redditum
505 631 643 667 odium.
685 630 923 679 ferebantque
939 630 1222 678 Vespasianum,
1240 637 1431 678 tamquam

152 707 286 732 somno
324 695 518 740 coniveret,
556 706 579 731 a
611 693 764 730 Phoebo
808 694 936 730 liberto
983 694 1202 742 increpitum
1249 705 1431 742 aegreque

152 760 346 797 meliorum
383 760 554 808 precibus
589 760 790 803 obtectum,
826 770 914 796 mox
952 759 1193 795 inminentem
1232 757 1431 806 perniciem

152 824 291 860 maiore
320 824 394 861 fato
422 823 605 870 effugisse.
1405 821 1415 826 ’

205 891 244 924 6.
274 887 362 923 Post
382 886 492 923 finem
513 887 640 922 ludicri
661 886 836 935 Poppaea
854 894 1012 924 mortem
1028 886 1129 931 obiit,
1147 886 1293 923 fortuita
1312 885 1430 922 mariti
1453 898 1491 920 10

153 950 350 995 iracundia,
371 963 392 986 a
411 962 486 998 quo
512 950 662 997 gravida
681 950 755 987 ictu
776 950 886 987 calcis
906 950 1052 987 adflicta
1071 957 1136 987 est.
1192 944 1313 997 rieque
1333 950 1431 986 enim

153 1026 336 1051 venenum
356 1013 584 1058 crediderim,
605 1014 771 1062 quamvis
791 1013 941 1061 quidam
962 1014 1159 1062 scriptores
1173 1013 1330 1058 tradant,
1344 1014 1431 1049 odio

152 1078 269 1125 magis
303 1089 414 1124 quam
449 1089 493 1113 ex
524 1076 617 1113 fide:
661 1077 797 1125 quippe
829 1077 1027 1114 liberorum
1057 1078 1210 1125 cupiens
1248 1084 1283 1114 et
1316 1077 1432 1113 amori

114 1148 135 1175 2
152 1140 277 1177 uxoris
291 1141 474 1177 obnoxius
490 1147 575 1176 erat.
633 1152 766 1188 corpus
787 1153 864 1177 non
885 1141 960 1189 igni
975 1141 1164 1185 abolitum,
1182 1147 1222 1177 ut
1239 1139 1432 1177 Romanus

151 1215 245 1249 mos,
266 1204 331 1240 sed
356 1215 485 1251 regum
505 1210 742 1239 externorum
763 1204 1028 1240 consuetudine
1049 1204 1233 1241 differtum
1254 1204 1430 1240 odoribus
1453 1214 1489 1247 15

113 1279 134 1307 3
151 1267 320 1304 conditur
339 1267 553 1314 tumuloque
570 1266 747 1303 Iuliorum
768 1267 928 1304 infertur.
971 1267 1102 1304 ductae
1123 1274 1246 1304 tamen
1265 1267 1431 1316 publicae

151 1329 357 1376 exsequiae,
379 1327 612 1376 laudavitque
638 1328 717 1375 ipse
738 1328 838 1376 apud
863 1335 980 1365 rostra
998 1327 1157 1365 formam
1179 1328 1256 1365 eius
1275 1335 1310 1365 et
1330 1328 1431 1375 quod

151 1392 294 1428 divinae
322 1391 469 1428 infantis
499 1403 633 1439 parens
661 1391 786 1427 fuisset
815 1392 957 1441 aliaque
986 1391 1154 1429 fortunae
1183 1403 1337 1429 munera
1364 1403 1431 1439 pro

148 1455 347 1492 virtutibus.

202 1522 240 1558 7.
270 1518 432 1555 Mortem
462 1518 660 1567 Poppaeae
684 1525 724 1556 ut
752 1519 874 1567 palam
903 1519 1052 1564 tristem,
1078 1520 1127 1556 ita
1154 1519 1432 1556 recordantibus
1451 1530 1492 1554 20

149 1582 283 1619 laetam
320 1583 369 1618 ob
417 1582 668 1630 inpudicitiam
706 1584 783 1620 eius
830 1583 1098 1631 saevitiamque,
1140 1596 1236 1620 nova
1282 1584 1433 1631 insuper

151 1646 286 1682 invidia
315 1644 417 1682 Nero
446 1645 644 1693 complevit
681 1646 915 1694 prohibendo
944 1646 985 1683 C.
1019 1646 1187 1683 Cassium
1215 1647 1337 1683 officio
1367 1659 1431 1683 ex-

114 1720 134 1748 2
152 1709 373 1757 sequiarum,
394 1708 492 1756 quod
519 1709 679 1756 primurn
705 1709 881 1745 indicium
907 1709 1005 1745 mali.
1061 1721 1181 1757 neque
1211 1710 1248 1746 in
1275 1710 1431 1757 longum

151 1772 303 1808 dilatum
333 1778 397 1815 est,
433 1771 499 1808 sed
533 1771 678 1808 Silanus
712 1772 867 1816 additur,
903 1772 1002 1809 nullo
1035 1773 1198 1818 crimine,
1231 1773 1298 1810 nisi
1329 1772 1431 1821 quod

151 1834 301 1871 Cassius
314 1835 447 1882 opibus
467 1835 616 1871 vetustis
632 1842 665 1871 et
687 1836 862 1883 gravitate
883 1847 1040 1880 morum,
1057 1835 1201 1872 Silanus
1217 1836 1430 1873 claritudine
1449 1845 1489 1880 25

112 1909 131 1936 3
150 1898 294 1945 generis
321 1905 357 1933 et
385 1898 552 1934 modesta
581 1899 728 1934 iuventa
762 1898 1043 1946 praecellebant.
1099 1899 1206 1946 igitur
1242 1900 1354 1936 missa
1383 1899 1430 1936 ad

150 1968 318 1998 senatum
338 1961 505 1998 oratione
525 1961 770 1998 removendos
790 1974 811 1997 a
831 1974 868 1998 re
889 1962 1036 2009 publica
1055 1969 1230 2010 utrosque
1250 1963 1429 2007 disseruit,

149 2025 418 2071 obiectavitque
451 2023 581 2060 Cassio
620 2024 719 2072 quod
757 2025 851 2061 inter
881 2025 1062 2072 imagines
1099 2026 1281 2062 maiorum
1318 2026 1429 2062 etiam

149 2086 194 2125 C.
222 2087 328 2124 Cassi
365 2087 523 2133 effigiem
551 2087 732 2131 coluisset,
762 2088 811 2123 ita
844 2088 1058 2135 inscriptam
1089 2088 1196 2125 ‘duci
1228 2087 1428 2136 partium':

149 2150 287 2198 quippe
319 2150 460 2186 semina
482 2149 567 2185 belli
594 2149 705 2186 civilis
725 2156 760 2185 et
780 2149 1027 2186 defectionem
1051 2163 1072 2187 a
1092 2151 1205 2188 domo
1226 2151 1428 2188 Caesarum
1447 2160 1489 2194 30

109 2222 132 2250 4
149 2213 362 2260 quaesitam.
420 2223 462 2248 ac
480 2224 521 2247 ne
539 2212 717 2247 memoria
731 2218 873 2248 tantum
892 2212 1025 2249 infensi
1045 2214 1205 2250 nominis
1225 2214 1272 2251 ad
1292 2215 1428 2252 discor-

150 2275 229 2316 dias
273 2280 444 2318 uteretur‚
490 2275 736 2321 adsumpsisse
783 2274 825 2312 L.
867 2274 1042 2319 Silanum,
1083 2277 1250 2312 iuvenem
1292 2289 1427 2325 genere

149 2337 324 2383 nobilem,
352 2337 477 2373 animo
514 2344 760 2385 praeruptum,
798 2349 910 2386 quem
943 2338 1047 2375 novis
1079 2339 1188 2376 rebus
1216 2346 1427 2378 ostentaret.
