<?xml version="1.0" encoding="UTF-8"?>
<!DOCTYPE html PUBLIC "-//W3C//DTD XHTML 1.0 Transitional//EN"
    "http://www.w3.org/TR/xhtml1/DTD/xhtml1-transitional.dtd">
<html xmlns="http://www.w3.org/1999/xhtml" xml:lang="en" lang="en">
 <head>
  <title>
</title>
<meta http-equiv="Content-Type" content="text/html;charset=utf-8" />
  <meta name='ocr-system' content='tesseract 3.04.00' />
  <meta name='ocr-capabilities' content='ocr_page ocr_carea ocr_par ocr_line ocrx_word'/>
</head>
<body>
  <div class='ocr_page' id='page_1' title='image "./cornellitacitian00taci_0152.png"; bbox 0 0 1674 2653; ppageno 0'>
   <div class='ocr_carea' id='block_1_1' title="bbox 528 197 1518 250">
    <p class='ocr_par' dir='ltr' id='par_1_1' title="bbox 528 197 1518 250">
     <span class='ocr_line' id='line_1_1' title="bbox 528 197 1518 250; baseline 0 -13"><span class='ocrx_word' id='word_1_1' title='bbox 528 204 760 237; x_wconf 80' lang='lat' dir='ltr'><em>CORNELII</em></span> <span class='ocrx_word' id='word_1_2' title='bbox 787 205 953 237; x_wconf 77' lang='lat' dir='ltr'><em>TACJTJ</em></span> <span class='ocrx_word' id='word_1_3' title='bbox 977 205 1247 236; x_wconf 82' lang='lat' dir='ltr'><em>ANNALJUM</em></span> <span class='ocrx_word' id='word_1_4' title='bbox 1297 197 1427 250; x_wconf 70' lang='lat' dir='ltr'>[A.u.c.</span> <span class='ocrx_word' id='word_1_5' title='bbox 1446 207 1518 237; x_wconf 89' lang='lat'>818.</span> 
     </span>
    </p>
   </div>
   <div class='ocr_carea' id='block_1_2' title="bbox 179 305 1556 2384">
    <p class='ocr_par' dir='ltr' id='par_1_2' title="bbox 179 305 1556 2384">
     <span class='ocr_line' id='line_1_2' title="bbox 238 305 1516 355; baseline -0.002 -11"><span class='ocrx_word' id='word_1_6' title='bbox 238 319 307 344; x_wconf 90' lang='lat' dir='ltr'>suo</span> <span class='ocrx_word' id='word_1_7' title='bbox 325 307 480 355; x_wconf 88' lang='lat' dir='ltr'>latisque</span> <span class='ocrx_word' id='word_1_8' title='bbox 500 307 637 343; x_wconf 89' lang='lat' dir='ltr'>circum</span> <span class='ocrx_word' id='word_1_9' title='bbox 658 306 760 351; x_wconf 88' lang='lat' dir='ltr'>arvis,</span> <span class='ocrx_word' id='word_1_10' title='bbox 782 305 870 342; x_wconf 92' lang='lat' dir='ltr'>dum</span> <span class='ocrx_word' id='word_1_11' title='bbox 890 305 988 343; x_wconf 93' lang='lat' dir='ltr'>hunc</span> <span class='ocrx_word' id='word_1_12' title='bbox 1007 306 1064 342; x_wconf 91' lang='lat' dir='ltr'>vel</span> <span class='ocrx_word' id='word_1_13' title='bbox 1083 306 1183 342; x_wconf 89' lang='lat' dir='ltr'>illum</span> <span class='ocrx_word' id='word_1_14' title='bbox 1204 305 1325 342; x_wconf 92' lang='lat' dir='ltr'>locum</span> <span class='ocrx_word' id='word_1_15' title='bbox 1345 305 1516 353; x_wconf 85' lang='lat' dir='ltr'>promissi</span> 
     </span>
     <span class='ocr_line' id='line_1_3' title="bbox 238 368 1517 418; baseline -0.002 -11"><span class='ocrx_word' id='word_1_16' title='bbox 238 382 367 418; x_wconf 85' lang='lat' dir='ltr'><strong>specus</strong></span> <span class='ocrx_word' id='word_1_17' title='bbox 388 371 586 414; x_wconf 85' lang='lat' dir='ltr'>adseverat,</span> <span class='ocrx_word' id='word_1_18' title='bbox 607 376 881 418; x_wconf 91' lang='lat' dir='ltr'>sequunturque</span> <span class='ocrx_word' id='word_1_19' title='bbox 901 380 976 406; x_wconf 91' lang='lat' dir='ltr'>non</span> <span class='ocrx_word' id='word_1_20' title='bbox 996 369 1110 405; x_wconf 91' lang='lat' dir='ltr'>modo</span> <span class='ocrx_word' id='word_1_21' title='bbox 1129 369 1262 405; x_wconf 83' lang='lat' dir='ltr'>milites</span> <span class='ocrx_word' id='word_1_22' title='bbox 1277 368 1341 405; x_wconf 90' lang='lat' dir='ltr'>sed</span> <span class='ocrx_word' id='word_1_23' title='bbox 1360 368 1517 417; x_wconf 90' lang='lat' dir='ltr'>populus</span> 
     </span>
     <span class='ocr_line' id='line_1_4' title="bbox 237 432 1517 481; baseline -0.002 -11"><span class='ocrx_word' id='word_1_24' title='bbox 237 434 435 481; x_wconf 78' lang='lat' dir='ltr'>agrestium</span> <span class='ocrx_word' id='word_1_25' title='bbox 468 432 663 469; x_wconf 88' lang='lat' dir='ltr'>efficiendo</span> <span class='ocrx_word' id='word_1_26' title='bbox 694 433 797 480; x_wconf 87' lang='lat' dir='ltr'>operi</span> <span class='ocrx_word' id='word_1_27' title='bbox 833 432 1061 480; x_wconf 84' lang='lat' dir='ltr'>adsumptus,</span> <span class='ocrx_word' id='word_1_28' title='bbox 1097 432 1247 468; x_wconf 88' lang='lat' dir='ltr'>tandem</span> <span class='ocrx_word' id='word_1_29' title='bbox 1280 432 1402 480; x_wconf 88' lang='lat' dir='ltr'>posita</span> <span class='ocrx_word' id='word_1_30' title='bbox 1434 443 1517 468; x_wconf 86' lang='lat' dir='ltr'>vae-</span> 
     </span>
     <span class='ocr_line' id='line_1_5' title="bbox 237 495 1516 543; baseline -0.002 -10"><span class='ocrx_word' id='word_1_31' title='bbox 237 497 372 542; x_wconf 85' lang='lat' dir='ltr'>cordia,</span> <span class='ocrx_word' id='word_1_32' title='bbox 389 508 465 533; x_wconf 90' lang='lat' dir='ltr'>non</span> <span class='ocrx_word' id='word_1_33' title='bbox 480 496 572 533; x_wconf 89' lang='lat' dir='ltr'>falsa</span> <span class='ocrx_word' id='word_1_34' title='bbox 587 502 694 532; x_wconf 90' lang='lat' dir='ltr'>antea</span> <span class='ocrx_word' id='word_1_35' title='bbox 711 496 855 532; x_wconf 87' lang='lat' dir='ltr'>somnia</span> <span class='ocrx_word' id='word_1_36' title='bbox 868 507 933 532; x_wconf 86' lang='lat' dir='ltr'>sua</span> <span class='ocrx_word' id='word_1_37' title='bbox 948 507 1061 543; x_wconf 89' lang='lat' dir='ltr'>seque</span> <span class='ocrx_word' id='word_1_38' title='bbox 1082 502 1171 531; x_wconf 91' lang='lat' dir='ltr'>tunc</span> <span class='ocrx_word' id='word_1_39' title='bbox 1190 495 1352 543; x_wconf 92' lang='lat' dir='ltr'>primum</span> <span class='ocrx_word' id='word_1_40' title='bbox 1373 495 1516 531; x_wconf 88' lang='lat' dir='ltr'>elusum</span> 
     </span>
     <span class='ocr_line' id='line_1_6' title="bbox 201 558 1516 608; baseline -0.003 -11"><span class='ocrx_word' id='word_1_41' title='bbox 201 576 218 608; x_wconf 90' lang='lat'><strong>5</strong></span> <span class='ocrx_word' id='word_1_42' title='bbox 238 560 433 606; x_wconf 86' lang='lat' dir='ltr'>admirans,</span> <span class='ocrx_word' id='word_1_43' title='bbox 454 559 634 608; x_wconf 87' lang='lat' dir='ltr'>pudorem</span> <span class='ocrx_word' id='word_1_44' title='bbox 653 566 689 596; x_wconf 91' lang='lat' dir='ltr'>et</span> <span class='ocrx_word' id='word_1_45' title='bbox 716 565 856 595; x_wconf 90' lang='lat' dir='ltr'>metum</span> <span class='ocrx_word' id='word_1_46' title='bbox 877 565 993 595; x_wconf 91' lang='lat' dir='ltr'>morte</span> <span class='ocrx_word' id='word_1_47' title='bbox 1013 558 1217 594; x_wconf 88' lang='lat' dir='ltr'>voluntaria</span> <span class='ocrx_word' id='word_1_48' title='bbox 1245 558 1381 606; x_wconf 85' lang='lat' dir='ltr'>effugit.</span> <span class='ocrx_word' id='word_1_49' title='bbox 1436 558 1516 605; x_wconf 89' lang='lat' dir='ltr'>qui-</span> 
     </span>
     <span class='ocr_line' id='line_1_7' title="bbox 238 622 1514 671; baseline -0.001 -12"><span class='ocrx_word' id='word_1_50' title='bbox 238 625 323 660; x_wconf 87' lang='lat' dir='ltr'>dam</span> <span class='ocrx_word' id='word_1_51' title='bbox 343 624 504 660; x_wconf 89' lang='lat' dir='ltr'>vinctum</span> <span class='ocrx_word' id='word_1_52' title='bbox 528 635 570 660; x_wconf 91' lang='lat' dir='ltr'>ac</span> <span class='ocrx_word' id='word_1_53' title='bbox 594 634 683 660; x_wconf 84' lang='lat' dir='ltr'>mox</span> <span class='ocrx_word' id='word_1_54' title='bbox 709 622 903 659; x_wconf 89' lang='lat' dir='ltr'>dimissum</span> <span class='ocrx_word' id='word_1_55' title='bbox 929 622 1111 659; x_wconf 84' lang='lat' dir='ltr'>tradidere</span> <span class='ocrx_word' id='word_1_56' title='bbox 1139 623 1322 671; x_wconf 85' lang='lat' dir='ltr'>ademptis</span> <span class='ocrx_word' id='word_1_57' title='bbox 1342 623 1451 660; x_wconf 90' lang='lat' dir='ltr'>bonis</span> <span class='ocrx_word' id='word_1_58' title='bbox 1477 623 1514 658; x_wconf 92' lang='lat' dir='ltr'>in</span> 
     </span>
     <span class='ocr_line' id='line_1_8' title="bbox 238 687 646 734; baseline -0.005 -10"><span class='ocrx_word' id='word_1_59' title='bbox 238 688 359 724; x_wconf 91' lang='lat' dir='ltr'>locum</span> <span class='ocrx_word' id='word_1_60' title='bbox 380 687 502 734; x_wconf 85' lang='lat' dir='ltr'>regiae</span> <span class='ocrx_word' id='word_1_61' title='bbox 522 698 646 734; x_wconf 86' lang='lat' dir='ltr'>gazae.</span> 
     </span>
     <span class='ocr_line' id='line_1_9' title="bbox 288 750 1518 799; baseline -0.001 -11"><span class='ocrx_word' id='word_1_62' title='bbox 288 755 328 788; x_wconf 88' lang='lat'>4.</span> <span class='ocrx_word' id='word_1_63' title='bbox 359 751 505 787; x_wconf 84' lang='lat' dir='ltr'>Interea</span> <span class='ocrx_word' id='word_1_64' title='bbox 533 757 694 795; x_wconf 88' lang='lat' dir='ltr'>senatus,</span> <span class='ocrx_word' id='word_1_65' title='bbox 723 750 933 799; x_wconf 90' lang='lat' dir='ltr'>propinquo</span> <span class='ocrx_word' id='word_1_66' title='bbox 960 750 1033 787; x_wconf 90' lang='lat' dir='ltr'>iam</span> <span class='ocrx_word' id='word_1_67' title='bbox 1067 750 1203 787; x_wconf 88' lang='lat' dir='ltr'>lustrali</span> <span class='ocrx_word' id='word_1_68' title='bbox 1231 751 1440 795; x_wconf 84' lang='lat' dir='ltr'>certamine,</span> <span class='ocrx_word' id='word_1_69' title='bbox 1477 756 1518 787; x_wconf 90' lang='lat' dir='ltr'>ut</span> 
     </span>
     <span class='ocr_line' id='line_1_10' title="bbox 238 813 1515 862; baseline -0.001 -11"><span class='ocrx_word' id='word_1_70' title='bbox 238 814 399 851; x_wconf 85' lang='lat' dir='ltr'>dedecus</span> <span class='ocrx_word' id='word_1_71' title='bbox 418 819 604 859; x_wconf 89' lang='lat' dir='ltr'>averteret,</span> <span class='ocrx_word' id='word_1_72' title='bbox 622 813 729 850; x_wconf 84' lang='lat' dir='ltr'>offert</span> <span class='ocrx_word' id='word_1_73' title='bbox 748 814 960 862; x_wconf 86' lang='lat' dir='ltr'>imperatori</span> <span class='ocrx_word' id='word_1_74' title='bbox 974 815 1162 850; x_wconf 89' lang='lat' dir='ltr'>victoriam</span> <span class='ocrx_word' id='word_1_75' title='bbox 1183 821 1313 851; x_wconf 89' lang='lat' dir='ltr'>cantus</span> <span class='ocrx_word' id='word_1_76' title='bbox 1333 814 1515 862; x_wconf 85' lang='lat' dir='ltr'>adicitque</span> 
     </span>
     <span class='ocr_line' id='line_1_11' title="bbox 182 876 1554 924; baseline -0.001 -10"><span class='ocrx_word' id='word_1_77' title='bbox 182 891 221 913; x_wconf 87' lang='lat'>10</span> <span class='ocrx_word' id='word_1_78' title='bbox 239 878 430 914; x_wconf 84' lang='lat' dir='ltr'>facundiae</span> <span class='ocrx_word' id='word_1_79' title='bbox 459 889 651 921; x_wconf 87' lang='lat' dir='ltr'>coronam,</span> <span class='ocrx_word' id='word_1_80' title='bbox 684 888 757 924; x_wconf 87' lang='lat' dir='ltr'>qua</span> <span class='ocrx_word' id='word_1_81' title='bbox 793 877 933 913; x_wconf 89' lang='lat' dir='ltr'>ludicra</span> <span class='ocrx_word' id='word_1_82' title='bbox 974 876 1184 913; x_wconf 86' lang='lat' dir='ltr'>deformitas</span> <span class='ocrx_word' id='word_1_83' title='bbox 1213 877 1398 914; x_wconf 90' lang='lat' dir='ltr'>velaretur.</span> <span class='ocrx_word' id='word_1_84' title='bbox 1453 877 1554 913; x_wconf 69' lang='lat' dir='ltr'>seda</span> 
     </span>
     <span class='ocr_line' id='line_1_12' title="bbox 239 940 1516 988; baseline -0.001 -10"><span class='ocrx_word' id='word_1_85' title='bbox 239 941 339 978; x_wconf 90' lang='lat' dir='ltr'>Nero</span> <span class='ocrx_word' id='word_1_86' title='bbox 364 940 452 976; x_wconf 91' lang='lat' dir='ltr'>nihil</span> <span class='ocrx_word' id='word_1_87' title='bbox 471 941 610 976; x_wconf 90' lang='lat' dir='ltr'>ambitu</span> <span class='ocrx_word' id='word_1_88' title='bbox 631 952 699 976; x_wconf 90' lang='lat' dir='ltr'>nec</span> <span class='ocrx_word' id='word_1_89' title='bbox 725 946 906 987; x_wconf 88' lang='lat' dir='ltr'>potestate</span> <span class='ocrx_word' id='word_1_90' title='bbox 933 946 1084 976; x_wconf 84' lang='lat' dir='ltr'>senatus</span> <span class='ocrx_word' id='word_1_91' title='bbox 1113 952 1207 988; x_wconf 86' lang='lat' dir='ltr'>opus</span> <span class='ocrx_word' id='word_1_92' title='bbox 1231 953 1312 977; x_wconf 88' lang='lat' dir='ltr'>esse</span> <span class='ocrx_word' id='word_1_93' title='bbox 1338 941 1516 986; x_wconf 87' lang='lat' dir='ltr'>dictitans,</span> 
     </span>
     <span class='ocr_line' id='line_1_13' title="bbox 237 1003 1516 1054; baseline -0.001 -12"><span class='ocrx_word' id='word_1_94' title='bbox 237 1018 276 1042; x_wconf 87' lang='lat' dir='ltr'>se</span> <span class='ocrx_word' id='word_1_95' title='bbox 298 1016 459 1054; x_wconf 90' lang='lat' dir='ltr'>aequum</span> <span class='ocrx_word' id='word_1_96' title='bbox 485 1004 677 1040; x_wconf 88' lang='lat' dir='ltr'>adversum</span> <span class='ocrx_word' id='word_1_97' title='bbox 703 1003 868 1040; x_wconf 91' lang='lat' dir='ltr'>aemulos</span> <span class='ocrx_word' id='word_1_98' title='bbox 894 1012 928 1040; x_wconf 87' lang='lat' dir='ltr'>et</span> <span class='ocrx_word' id='word_1_99' title='bbox 957 1004 1130 1051; x_wconf 86' lang='lat' dir='ltr'>religione</span> <span class='ocrx_word' id='word_1_100' title='bbox 1159 1004 1320 1042; x_wconf 91' lang='lat' dir='ltr'>iudicum</span> <span class='ocrx_word' id='word_1_101' title='bbox 1349 1005 1516 1042; x_wconf 89' lang='lat' dir='ltr'>meritam</span> 
     </span>
     <span class='ocr_line' id='line_1_14' title="bbox 235 1068 1515 1115; baseline -0.001 -9"><span class='ocrx_word' id='word_1_102' title='bbox 235 1069 383 1106; x_wconf 90' lang='lat' dir='ltr'>laudem</span> <span class='ocrx_word' id='word_1_103' title='bbox 406 1068 675 1111; x_wconf 86' lang='lat' dir='ltr'>adsecuturum,</span> <span class='ocrx_word' id='word_1_104' title='bbox 704 1068 823 1115; x_wconf 90' lang='lat' dir='ltr'>primo</span> <span class='ocrx_word' id='word_1_105' title='bbox 850 1080 1000 1104; x_wconf 91' lang='lat' dir='ltr'>carmen</span> <span class='ocrx_word' id='word_1_106' title='bbox 1024 1068 1061 1103; x_wconf 89' lang='lat' dir='ltr'>in</span> <span class='ocrx_word' id='word_1_107' title='bbox 1091 1080 1225 1105; x_wconf 89' lang='lat' dir='ltr'>scaena</span> <span class='ocrx_word' id='word_1_108' title='bbox 1248 1069 1398 1114; x_wconf 86' lang='lat' dir='ltr'>recitat;</span> <span class='ocrx_word' id='word_1_109' title='bbox 1427 1081 1515 1106; x_wconf 85' lang='lat' dir='ltr'>mox</span> 
     </span>
     <span class='ocr_line' id='line_1_15' title="bbox 237 1131 1516 1182; baseline -0.002 -13"><span class='ocrx_word' id='word_1_110' title='bbox 237 1133 425 1180; x_wconf 88' lang='lat' dir='ltr'>flagitante</span> <span class='ocrx_word' id='word_1_111' title='bbox 453 1131 564 1180; x_wconf 89' lang='lat' dir='ltr'>vulgo</span> <span class='ocrx_word' id='word_1_112' title='bbox 593 1137 632 1167; x_wconf 93' lang='lat' dir='ltr'>ut</span> <span class='ocrx_word' id='word_1_113' title='bbox 660 1131 786 1168; x_wconf 88' lang='lat' dir='ltr'>omnia</span> <span class='ocrx_word' id='word_1_114' title='bbox 816 1131 935 1167; x_wconf 91' lang='lat' dir='ltr'>studia</span> <span class='ocrx_word' id='word_1_115' title='bbox 963 1143 1028 1167; x_wconf 88' lang='lat' dir='ltr'>sua</span> <span class='ocrx_word' id='word_1_116' title='bbox 1055 1132 1253 1179; x_wconf 87' lang='lat' dir='ltr'>publicaret</span> <span class='ocrx_word' id='word_1_117' title='bbox 1283 1132 1388 1182; x_wconf 88' lang='lat' dir='ltr'>(haec</span> <span class='ocrx_word' id='word_1_118' title='bbox 1417 1132 1516 1168; x_wconf 89' lang='lat' dir='ltr'>enim</span> 
     </span>
     <span class='ocr_line' id='line_1_16' title="bbox 183 1194 1517 1245; baseline -0.002 -10"><span class='ocrx_word' id='word_1_119' title='bbox 183 1214 219 1245; x_wconf 90' lang='lat'>¹5</span> <span class='ocrx_word' id='word_1_120' title='bbox 237 1197 347 1233; x_wconf 89' lang='lat' dir='ltr'>verba</span> <span class='ocrx_word' id='word_1_121' title='bbox 379 1194 519 1245; x_wconf 87' lang='lat' dir='ltr'>dixere)</span> <span class='ocrx_word' id='word_1_122' title='bbox 550 1195 750 1243; x_wconf 85' lang='lat' dir='ltr'>ingreditur</span> <span class='ocrx_word' id='word_1_123' title='bbox 780 1194 972 1239; x_wconf 87' lang='lat' dir='ltr'>theatrum,</span> <span class='ocrx_word' id='word_1_124' title='bbox 1004 1196 1146 1231; x_wconf 90' lang='lat' dir='ltr'>cunctis</span> <span class='ocrx_word' id='word_1_125' title='bbox 1176 1195 1336 1232; x_wconf 85' lang='lat' dir='ltr'>citharae</span> <span class='ocrx_word' id='word_1_126' title='bbox 1374 1195 1517 1243; x_wconf 88' lang='lat' dir='ltr'>legibus</span> 
     </span>
     <span class='ocr_line' id='line_1_17' title="bbox 236 1258 1516 1308; baseline -0.001 -11"><span class='ocrx_word' id='word_1_127' title='bbox 236 1262 506 1308; x_wconf 90' lang='lat' dir='ltr'>obtemperans,</span> <span class='ocrx_word' id='word_1_128' title='bbox 534 1271 580 1295; x_wconf 91' lang='lat' dir='ltr'>ne</span> <span class='ocrx_word' id='word_1_129' title='bbox 607 1258 723 1294; x_wconf 87' lang='lat' dir='ltr'>fessus</span> <span class='ocrx_word' id='word_1_130' title='bbox 751 1258 937 1303; x_wconf 87' lang='lat' dir='ltr'>resideret,</span> <span class='ocrx_word' id='word_1_131' title='bbox 965 1270 1011 1295; x_wconf 93' lang='lat' dir='ltr'>ne</span> <span class='ocrx_word' id='word_1_132' title='bbox 1038 1259 1212 1295; x_wconf 90' lang='lat' dir='ltr'>sudorem</span> <span class='ocrx_word' id='word_1_133' title='bbox 1241 1259 1309 1295; x_wconf 88' lang='lat' dir='ltr'>nisi</span> <span class='ocrx_word' id='word_1_134' title='bbox 1335 1271 1378 1296; x_wconf 91' lang='lat' dir='ltr'>ea</span> <span class='ocrx_word' id='word_1_135' title='bbox 1404 1271 1516 1307; x_wconf 90' lang='lat' dir='ltr'>quam</span> 
     </span>
     <span class='ocr_line' id='line_1_18' title="bbox 236 1321 1516 1371; baseline -0.002 -11"><span class='ocrx_word' id='word_1_136' title='bbox 236 1324 376 1360; x_wconf 89' lang='lat' dir='ltr'>indutui</span> <span class='ocrx_word' id='word_1_137' title='bbox 413 1323 564 1371; x_wconf 87' lang='lat' dir='ltr'>gerebat</span> <span class='ocrx_word' id='word_1_138' title='bbox 596 1329 695 1358; x_wconf 89' lang='lat' dir='ltr'>veste</span> <span class='ocrx_word' id='word_1_139' title='bbox 725 1321 941 1369; x_wconf 83' lang='lat' dir='ltr'>detergeret,</span> <span class='ocrx_word' id='word_1_140' title='bbox 972 1328 1012 1357; x_wconf 95' lang='lat' dir='ltr'>ut</span> <span class='ocrx_word' id='word_1_141' title='bbox 1045 1322 1144 1358; x_wconf 91' lang='lat' dir='ltr'>nulla</span> <span class='ocrx_word' id='word_1_142' title='bbox 1174 1323 1248 1359; x_wconf 90' lang='lat' dir='ltr'>oris</span> <span class='ocrx_word' id='word_1_143' title='bbox 1280 1329 1341 1359; x_wconf 91' lang='lat' dir='ltr'>aut</span> <span class='ocrx_word' id='word_1_144' title='bbox 1373 1323 1516 1359; x_wconf 89' lang='lat' dir='ltr'>narium</span> 
     </span>
     <span class='ocr_line' id='line_1_19' title="bbox 237 1385 1554 1433; baseline 0.001 -9"><span class='ocrx_word' id='word_1_145' title='bbox 237 1393 473 1424; x_wconf 86' lang='lat' dir='ltr'>excrementa</span> <span class='ocrx_word' id='word_1_146' title='bbox 508 1386 719 1422; x_wconf 85' lang='lat' dir='ltr'>viserentur.</span> <span class='ocrx_word' id='word_1_147' title='bbox 776 1391 963 1432; x_wconf 85' lang='lat' dir='ltr'>postremo</span> <span class='ocrx_word' id='word_1_148' title='bbox 1000 1385 1117 1421; x_wconf 91' lang='lat' dir='ltr'>flexus</span> <span class='ocrx_word' id='word_1_149' title='bbox 1161 1398 1259 1433; x_wconf 89' lang='lat' dir='ltr'>genu</span> <span class='ocrx_word' id='word_1_150' title='bbox 1296 1393 1332 1422; x_wconf 89' lang='lat' dir='ltr'>et</span> <span class='ocrx_word' id='word_1_151' title='bbox 1368 1392 1554 1425; x_wconf 86' lang='lat' dir='ltr'>coetum3</span> 
     </span>
     <span class='ocr_line' id='line_1_20' title="bbox 236 1448 1517 1498; baseline -0.001 -11"><span class='ocrx_word' id='word_1_152' title='bbox 236 1452 338 1487; x_wconf 92' lang='lat' dir='ltr'>illum</span> <span class='ocrx_word' id='word_1_153' title='bbox 393 1462 505 1486; x_wconf 90' lang='lat' dir='ltr'>manu</span> <span class='ocrx_word' id='word_1_154' title='bbox 551 1455 744 1486; x_wconf 84' lang='lat' dir='ltr'>veneratus</span> <span class='ocrx_word' id='word_1_155' title='bbox 791 1448 989 1485; x_wconf 78' lang='lat' dir='ltr'>sententias</span> <span class='ocrx_word' id='word_1_156' title='bbox 1042 1449 1203 1485; x_wconf 92' lang='lat' dir='ltr'>iudicum</span> <span class='ocrx_word' id='word_1_157' title='bbox 1258 1450 1517 1498; x_wconf 90' lang='lat' dir='ltr'>opperiebatur</span> 
     </span>
     <span class='ocr_line' id='line_1_21' title="bbox 181 1511 1556 1562; baseline 0.001 -12"><span class='ocrx_word' id='word_1_158' title='bbox 181 1528 220 1551; x_wconf 80' lang='lat'>20</span> <span class='ocrx_word' id='word_1_159' title='bbox 237 1515 321 1551; x_wconf 88' lang='lat' dir='ltr'>ficto</span> <span class='ocrx_word' id='word_1_160' title='bbox 350 1526 498 1562; x_wconf 86' lang='lat' dir='ltr'>pavore.</span> <span class='ocrx_word' id='word_1_161' title='bbox 553 1519 590 1550; x_wconf 93' lang='lat' dir='ltr'>et</span> <span class='ocrx_word' id='word_1_162' title='bbox 628 1513 731 1560; x_wconf 85' lang='lat' dir='ltr'>plebs</span> <span class='ocrx_word' id='word_1_163' title='bbox 769 1511 918 1560; x_wconf 89' lang='lat' dir='ltr'>quidem</span> <span class='ocrx_word' id='word_1_164' title='bbox 962 1513 1073 1556; x_wconf 81' lang='lat' dir='ltr'>urbis,</span> <span class='ocrx_word' id='word_1_165' title='bbox 1113 1512 1331 1549; x_wconf 88' lang='lat' dir='ltr'>histrionum</span> <span class='ocrx_word' id='word_1_166' title='bbox 1369 1523 1556 1561; x_wconf 79' lang='lat' dir='ltr'>quoque4</span> 
     </span>
     <span class='ocr_line' id='line_1_22' title="bbox 234 1576 1516 1626; baseline -0.002 -11"><span class='ocrx_word' id='word_1_167' title='bbox 234 1585 359 1626; x_wconf 89' lang='lat' dir='ltr'>gestus</span> <span class='ocrx_word' id='word_1_168' title='bbox 403 1578 524 1613; x_wconf 89' lang='lat' dir='ltr'>iuvare</span> <span class='ocrx_word' id='word_1_169' title='bbox 573 1576 690 1621; x_wconf 87' lang='lat' dir='ltr'>solita,</span> <span class='ocrx_word' id='word_1_170' title='bbox 737 1576 961 1624; x_wconf 87' lang='lat' dir='ltr'>personabat</span> <span class='ocrx_word' id='word_1_171' title='bbox 998 1576 1106 1612; x_wconf 89' lang='lat' dir='ltr'>certis</span> <span class='ocrx_word' id='word_1_172' title='bbox 1146 1576 1267 1612; x_wconf 90' lang='lat' dir='ltr'>modis</span> <span class='ocrx_word' id='word_1_173' title='bbox 1313 1576 1516 1624; x_wconf 86' lang='lat' dir='ltr'>plausuque</span> 
     </span>
     <span class='ocr_line' id='line_1_23' title="bbox 236 1638 1517 1689; baseline -0.002 -11"><span class='ocrx_word' id='word_1_174' title='bbox 236 1641 456 1689; x_wconf 89' lang='lat' dir='ltr'>composito.</span> <span class='ocrx_word' id='word_1_175' title='bbox 525 1640 694 1676; x_wconf 84' lang='lat' dir='ltr'>crederes</span> <span class='ocrx_word' id='word_1_176' title='bbox 731 1639 869 1684; x_wconf 86' lang='lat' dir='ltr'>laetari,</span> <span class='ocrx_word' id='word_1_177' title='bbox 904 1650 946 1676; x_wconf 91' lang='lat' dir='ltr'>ac</span> <span class='ocrx_word' id='word_1_178' title='bbox 983 1638 1136 1675; x_wconf 84' lang='lat' dir='ltr'>fortasse</span> <span class='ocrx_word' id='word_1_179' title='bbox 1175 1639 1407 1676; x_wconf 88' lang='lat' dir='ltr'>laetabantur</span> <span class='ocrx_word' id='word_1_180' title='bbox 1452 1652 1517 1688; x_wconf 90' lang='lat' dir='ltr'>per</span> 
     </span>
     <span class='ocr_line' id='line_1_24' title="bbox 235 1703 744 1752; baseline -0.006 -9"><span class='ocrx_word' id='word_1_181' title='bbox 235 1706 413 1742; x_wconf 87' lang='lat' dir='ltr'>incuriam</span> <span class='ocrx_word' id='word_1_182' title='bbox 443 1703 579 1752; x_wconf 90' lang='lat' dir='ltr'>publici</span> <span class='ocrx_word' id='word_1_183' title='bbox 608 1703 744 1750; x_wconf 85' lang='lat' dir='ltr'>flagitii.</span> 
     </span>
     <span class='ocr_line' id='line_1_25' title="bbox 290 1766 1518 1815; baseline -0.001 -9"><span class='ocrx_word' id='word_1_184' title='bbox 290 1775 327 1806; x_wconf 88' lang='lat'>5.</span> <span class='ocrx_word' id='word_1_185' title='bbox 359 1767 432 1804; x_wconf 89' lang='lat' dir='ltr'>Sed</span> <span class='ocrx_word' id='word_1_186' title='bbox 476 1767 536 1815; x_wconf 89' lang='lat' dir='ltr'>qui</span> <span class='ocrx_word' id='word_1_187' title='bbox 581 1767 728 1803; x_wconf 87' lang='lat' dir='ltr'>remotis</span> <span class='ocrx_word' id='word_1_188' title='bbox 771 1778 793 1803; x_wconf 92' lang='lat' dir='ltr'>e</span> <span class='ocrx_word' id='word_1_189' title='bbox 836 1766 1043 1815; x_wconf 88' lang='lat' dir='ltr'>municipiis</span> <span class='ocrx_word' id='word_1_190' title='bbox 1084 1778 1280 1815; x_wconf 88' lang='lat' dir='ltr'>severaque</span> <span class='ocrx_word' id='word_1_191' title='bbox 1325 1767 1446 1804; x_wconf 91' lang='lat' dir='ltr'>adhuc</span> <span class='ocrx_word' id='word_1_192' title='bbox 1481 1774 1518 1805; x_wconf 92' lang='lat' dir='ltr'>et</span> 
     </span>
     <span class='ocr_line' id='line_1_26' title="bbox 180 1830 1517 1880; baseline -0.001 -11"><span class='ocrx_word' id='word_1_193' title='bbox 180 1847 217 1879; x_wconf 83' lang='lat'>²5</span> <span class='ocrx_word' id='word_1_194' title='bbox 236 1832 377 1880; x_wconf 86' lang='lat' dir='ltr'>antiqui</span> <span class='ocrx_word' id='word_1_195' title='bbox 415 1831 526 1867; x_wconf 87' lang='lat' dir='ltr'>moris</span> <span class='ocrx_word' id='word_1_196' title='bbox 557 1831 735 1866; x_wconf 84' lang='lat' dir='ltr'>retinente</span> <span class='ocrx_word' id='word_1_197' title='bbox 771 1830 886 1874; x_wconf 84' lang='lat' dir='ltr'>Italia,</span> <span class='ocrx_word' id='word_1_198' title='bbox 913 1830 1050 1878; x_wconf 86' lang='lat' dir='ltr'>quique</span> <span class='ocrx_word' id='word_1_199' title='bbox 1087 1841 1152 1877; x_wconf 88' lang='lat' dir='ltr'>per</span> <span class='ocrx_word' id='word_1_200' title='bbox 1182 1830 1403 1878; x_wconf 86' lang='lat' dir='ltr'>longinquas</span> <span class='ocrx_word' id='word_1_201' title='bbox 1433 1842 1517 1878; x_wconf 91' lang='lat' dir='ltr'>pro-</span> 
     </span>
     <span class='ocr_line' id='line_1_27' title="bbox 235 1893 1517 1941; baseline -0.001 -10"><span class='ocrx_word' id='word_1_202' title='bbox 235 1896 372 1932; x_wconf 90' lang='lat' dir='ltr'>vincias</span> <span class='ocrx_word' id='word_1_203' title='bbox 422 1894 568 1930; x_wconf 85' lang='lat' dir='ltr'>lascivia</span> <span class='ocrx_word' id='word_1_204' title='bbox 615 1893 794 1940; x_wconf 87' lang='lat' dir='ltr'>inexperti</span> <span class='ocrx_word' id='word_1_205' title='bbox 839 1893 960 1929; x_wconf 88' lang='lat' dir='ltr'>officio</span> <span class='ocrx_word' id='word_1_206' title='bbox 1007 1893 1233 1940; x_wconf 84' lang='lat' dir='ltr'>legationum</span> <span class='ocrx_word' id='word_1_207' title='bbox 1281 1901 1342 1930; x_wconf 87' lang='lat' dir='ltr'>aut</span> <span class='ocrx_word' id='word_1_208' title='bbox 1379 1894 1517 1941; x_wconf 85' lang='lat' dir='ltr'>privata</span> 
     </span>
     <span class='ocr_line' id='line_1_28' title="bbox 235 1956 1516 2006; baseline -0.002 -11"><span class='ocrx_word' id='word_1_209' title='bbox 235 1959 387 1995; x_wconf 87' lang='lat' dir='ltr'>utilitate</span> <span class='ocrx_word' id='word_1_210' title='bbox 419 1958 653 2001; x_wconf 87' lang='lat' dir='ltr'>advenerant,</span> <span class='ocrx_word' id='word_1_211' title='bbox 692 1968 812 2004; x_wconf 89' lang='lat' dir='ltr'>neque</span> <span class='ocrx_word' id='word_1_212' title='bbox 845 1962 1035 2004; x_wconf 90' lang='lat' dir='ltr'>aspectum</span> <span class='ocrx_word' id='word_1_213' title='bbox 1074 1956 1175 1992; x_wconf 91' lang='lat' dir='ltr'>illum</span> <span class='ocrx_word' id='word_1_214' title='bbox 1213 1957 1366 1993; x_wconf 89' lang='lat' dir='ltr'>tolerare</span> <span class='ocrx_word' id='word_1_215' title='bbox 1397 1969 1516 2006; x_wconf 92' lang='lat' dir='ltr'>neque</span> 
     </span>
     <span class='ocr_line' id='line_1_29' title="bbox 236 2020 1516 2065; baseline -0.002 -6"><span class='ocrx_word' id='word_1_216' title='bbox 236 2022 351 2059; x_wconf 90' lang='lat' dir='ltr'>labori</span> <span class='ocrx_word' id='word_1_217' title='bbox 380 2021 578 2058; x_wconf 85' lang='lat' dir='ltr'>inhonesto</span> <span class='ocrx_word' id='word_1_218' title='bbox 610 2020 788 2064; x_wconf 86' lang='lat' dir='ltr'>sufficere,</span> <span class='ocrx_word' id='word_1_219' title='bbox 811 2031 903 2056; x_wconf 92' lang='lat' dir='ltr'>-cum</span> <span class='ocrx_word' id='word_1_220' title='bbox 934 2020 1106 2056; x_wconf 89' lang='lat' dir='ltr'>manibus</span> <span class='ocrx_word' id='word_1_221' title='bbox 1137 2020 1268 2056; x_wconf 85' lang='lat' dir='ltr'>nesciis</span> <span class='ocrx_word' id='word_1_222' title='bbox 1299 2020 1516 2065; x_wconf 89' lang='lat' dir='ltr'>fatiscerent,</span> 
     </span>
     <span class='ocr_line' id='line_1_30' title="bbox 235 2083 1517 2132; baseline -0.003 -9"><span class='ocrx_word' id='word_1_223' title='bbox 235 2088 421 2123; x_wconf 87' lang='lat' dir='ltr'>turbarent</span> <span class='ocrx_word' id='word_1_224' title='bbox 457 2096 594 2132; x_wconf 87' lang='lat' dir='ltr'>gnaros</span> <span class='ocrx_word' id='word_1_225' title='bbox 631 2095 675 2120; x_wconf 91' lang='lat' dir='ltr'>ac</span> <span class='ocrx_word' id='word_1_226' title='bbox 713 2095 821 2132; x_wconf 87' lang='lat' dir='ltr'>saepe</span> <span class='ocrx_word' id='word_1_227' title='bbox 860 2095 881 2119; x_wconf 88' lang='lat' dir='ltr'>a</span> <span class='ocrx_word' id='word_1_228' title='bbox 918 2083 1094 2119; x_wconf 90' lang='lat' dir='ltr'>militibus</span> <span class='ocrx_word' id='word_1_229' title='bbox 1131 2084 1419 2128; x_wconf 89' lang='lat' dir='ltr'>verberarentur,</span> <span class='ocrx_word' id='word_1_230' title='bbox 1455 2083 1517 2131; x_wconf 91' lang='lat' dir='ltr'>qui</span> 
     </span>
     <span class='ocr_line' id='line_1_31' title="bbox 179 2147 1515 2199; baseline -0.002 -14"><span class='ocrx_word' id='word_1_231' title='bbox 179 2160 219 2192; x_wconf 79' lang='lat'>30</span> <span class='ocrx_word' id='word_1_232' title='bbox 235 2163 299 2199; x_wconf 92' lang='lat' dir='ltr'>per</span> <span class='ocrx_word' id='word_1_233' title='bbox 335 2160 473 2185; x_wconf 89' lang='lat' dir='ltr'>cuneos</span> <span class='ocrx_word' id='word_1_234' title='bbox 504 2148 660 2192; x_wconf 84' lang='lat' dir='ltr'>stabant,</span> <span class='ocrx_word' id='word_1_235' title='bbox 698 2159 745 2182; x_wconf 87' lang='lat' dir='ltr'>ne</span> <span class='ocrx_word' id='word_1_236' title='bbox 783 2147 883 2194; x_wconf 91' lang='lat' dir='ltr'>quod</span> <span class='ocrx_word' id='word_1_237' title='bbox 921 2147 1096 2194; x_wconf 91' lang='lat' dir='ltr'>temporis</span> <span class='ocrx_word' id='word_1_238' title='bbox 1134 2152 1363 2183; x_wconf 91' lang='lat' dir='ltr'>momentum</span> <span class='ocrx_word' id='word_1_239' title='bbox 1400 2147 1515 2195; x_wconf 88' lang='lat' dir='ltr'>inpari</span> 
     </span>
     <span class='ocr_line' id='line_1_32' title="bbox 236 2210 1553 2258; baseline -0.003 -9"><span class='ocrx_word' id='word_1_240' title='bbox 236 2214 397 2250; x_wconf 88' lang='lat' dir='ltr'>clamore</span> <span class='ocrx_word' id='word_1_241' title='bbox 435 2218 496 2247; x_wconf 91' lang='lat' dir='ltr'>aut</span> <span class='ocrx_word' id='word_1_242' title='bbox 529 2211 672 2247; x_wconf 91' lang='lat' dir='ltr'>silentio</span> <span class='ocrx_word' id='word_1_243' title='bbox 704 2211 807 2257; x_wconf 89' lang='lat' dir='ltr'>segni</span> <span class='ocrx_word' id='word_1_244' title='bbox 845 2210 1067 2257; x_wconf 85' lang='lat' dir='ltr'>praeteriret.</span> <span class='ocrx_word' id='word_1_245' title='bbox 1123 2210 1282 2246; x_wconf 88' lang='lat' dir='ltr'>constitit</span> <span class='ocrx_word' id='word_1_246' title='bbox 1319 2210 1553 2258; x_wconf 87' lang='lat' dir='ltr'>plerosque2</span> 
     </span>
     <span class='ocr_line' id='line_1_33' title="bbox 235 2273 1513 2325; baseline -0.004 -12"><span class='ocrx_word' id='word_1_247' title='bbox 235 2277 411 2325; x_wconf 90' lang='lat' dir='ltr'>equitum,</span> <span class='ocrx_word' id='word_1_248' title='bbox 449 2274 538 2310; x_wconf 92' lang='lat' dir='ltr'>dum</span> <span class='ocrx_word' id='word_1_249' title='bbox 575 2285 641 2321; x_wconf 90' lang='lat' dir='ltr'>per</span> <span class='ocrx_word' id='word_1_250' title='bbox 678 2273 865 2319; x_wconf 85' lang='lat' dir='ltr'>angustias</span> <span class='ocrx_word' id='word_1_251' title='bbox 901 2273 1020 2308; x_wconf 86' lang='lat' dir='ltr'>aditus</span> <span class='ocrx_word' id='word_1_252' title='bbox 1057 2278 1092 2308; x_wconf 91' lang='lat' dir='ltr'>et</span> <span class='ocrx_word' id='word_1_253' title='bbox 1128 2273 1360 2320; x_wconf 87' lang='lat' dir='ltr'>ingruentem</span> <span class='ocrx_word' id='word_1_254' title='bbox 1394 2273 1513 2309; x_wconf 90' lang='lat' dir='ltr'>multi-</span> 
     </span>
     <span class='ocr_line' id='line_1_34' title="bbox 236 2335 1513 2384; baseline -0.003 -8"><span class='ocrx_word' id='word_1_255' title='bbox 236 2340 401 2379; x_wconf 87' lang='lat' dir='ltr'>tudinem</span> <span class='ocrx_word' id='word_1_256' title='bbox 429 2338 627 2383; x_wconf 91' lang='lat' dir='ltr'>enituntur‚</span> <span class='ocrx_word' id='word_1_257' title='bbox 656 2336 823 2382; x_wconf 89' lang='lat' dir='ltr'>obtritos,</span> <span class='ocrx_word' id='word_1_258' title='bbox 855 2341 891 2372; x_wconf 93' lang='lat' dir='ltr'>et</span> <span class='ocrx_word' id='word_1_259' title='bbox 919 2335 1022 2380; x_wconf 90' lang='lat' dir='ltr'>alios,</span> <span class='ocrx_word' id='word_1_260' title='bbox 1052 2335 1140 2371; x_wconf 91' lang='lat' dir='ltr'>dum</span> <span class='ocrx_word' id='word_1_261' title='bbox 1165 2336 1261 2372; x_wconf 91' lang='lat' dir='ltr'>diem</span> <span class='ocrx_word' id='word_1_262' title='bbox 1291 2342 1513 2384; x_wconf 88' lang='lat' dir='ltr'>noctemque</span> 
     </span>
    </p>
   </div>
  </div>
 </body>
</html>
