1674 2653
123 210 197 236 Aa).
217 195 289 248 64]
481 203 627 235 LIBER
656 203 734 234 XV.
792 203 888 234 cAP.
920 199 1057 243 38-43-

121 305 281 342 victoriis
306 305 491 353 quaesitae
518 310 553 341 et
574 304 803 340 Graecarum
824 303 957 340 artium
985 302 1131 346 decora,
1153 301 1251 338 exim
1271 312 1403 338 monu-

122 376 247 405 menta
275 368 509 415 ingeniorum
538 367 687 415 antiqua
705 373 740 402 et
759 367 982 413 incorrupta,
1003 371 1043 401 ul
1059 366 1226 412 quamvis
1246 365 1284 400 in
1304 372 1404 401 tanta

123 432 343 479 resurgentis
372 431 471 467 urbis
501 429 771 478 pulchritudine
804 429 918 465 multa
957 429 1120 465 seniores
1157 428 1403 470 meminerint,

85 507 105 535 3
123 507 216 543 quae
244 495 400 542 reparari
430 494 644 541 nequibant.
704 492 803 528 suere
832 492 894 539 qui
924 492 1141 528 adnotarent
1170 491 1287 527 XIIII
1320 490 1403 526 Kal.

124 558 276 595 Sextiles
306 558 525 606 principium
561 556 719 592 incendii
754 556 862 592 huius
893 563 1026 599 ortum,
1056 567 1131 603 quo
1163 561 1198 591 et
1233 554 1402 591 Senones

82 632 105 659 4
123 629 266 670 captam
287 622 415 657 urbem
435 620 756 656 inflammaverint.
813 620 872 655 alli
892 632 937 655 eo
968 631 1084 667 usque
1110 631 1195 655 cura
1220 619 1404 667 progressi

123 692 216 729 sunt,
245 691 285 721 ut
308 684 460 721 totidem
489 695 606 719 annos
629 694 849 730 mensesque
878 688 914 719 et
940 682 1018 719 dies
1047 682 1138 718 inter
1165 688 1320 730 utraque
1350 682 1403 717 in-

123 749 253 785 cendia
274 754 478 784 numerent.

175 817 241 849 42.
272 811 446 848 Ceterum
484 810 586 847 Nero
616 822 705 847 usus
735 816 790 846 est
826 809 965 858 patriae
1002 809 1115 846 ruinis
1152 809 1405 856 exstruxitque

122 876 289 920 domum,
316 875 354 911 in
383 887 457 923 qua
486 874 584 911 haud
613 873 768 922 proinde
799 885 971 920 gemmae
1001 880 1034 909 et
1064 885 1195 909 aurum
1225 872 1404 908 miraculo

123 946 258 982 essent,
279 939 388 975 solita
410 938 553 986 pridem
573 944 609 973 et
628 938 715 973 luxu
735 937 891 984 vulgata,
914 948 1026 984 quam
1050 948 1136 972 arva
1161 941 1197 972 et
1220 943 1351 983 stagna
1370 941 1406 970 et

122 1003 160 1038 in
197 1002 352 1038 modum
390 1001 630 1038 solitudinum
667 1000 753 1036 hinc
791 999 899 1035 silvae
938 999 1023 1036 inde
1060 1006 1187 1047 aperta
1218 999 1335 1046 spatia
1371 1005 1406 1034 et

124 1072 346 1114 prospectus,
382 1065 566 1112 magistris
604 1071 639 1100 et
675 1063 989 1100 machinatoribus
1024 1063 1161 1100 Severo
1192 1069 1228 1099 et
1265 1062 1404 1106 Celere,

123 1130 254 1178 quibus
280 1129 469 1176 ingenium
493 1135 529 1164 et
556 1127 709 1163 audacia
735 1133 811 1163 erat
838 1127 959 1170 etiam,
983 1139 1078 1174 quae
1098 1134 1227 1163 natura
1247 1126 1404 1174 denega-

85 1202 104 1228 2
124 1193 243 1236 visset,
257 1204 321 1239 per
334 1198 449 1227 artem
463 1197 642 1238 temptare
657 1196 692 1226 et
704 1190 839 1226 viribus
850 1189 1024 1237 principis
1038 1189 1215 1226 inludere.
1245 1201 1404 1237 namque

124 1257 170 1292 ab
189 1255 270 1291 lacu
294 1255 442 1290 Averno
469 1253 713 1300 navigabilem
740 1253 877 1289 fossam
900 1265 1018 1300 usque
1046 1252 1093 1288 ad
1118 1253 1212 1289 ostia
1231 1253 1407 1289 Tiberina

124 1319 361 1366 depressuros
399 1317 656 1364 promiserant,
692 1316 870 1363 squalenti
909 1306 1014 1352 litore
1052 1322 1114 1352 aut
1158 1328 1225 1364 per
1259 1323 1407 1352 montes

86 1391 106 1418 3
124 1382 307 1418 adversos.
348 1392 466 1428 neque
487 1380 586 1416 enim
606 1379 704 1415 aliud
719 1380 886 1415 umidum
907 1379 1104 1427 gignendis
1124 1380 1231 1427 aquis
1248 1379 1407 1416 occurrit

124 1456 236 1492 quarn
260 1444 480 1492 Pomptinae
510 1443 685 1491 paludes:
717 1450 838 1479 cetera
861 1443 1016 1490 abrupta
1040 1449 1103 1479 aut
1128 1443 1277 1487 arentia,
1306 1455 1348 1478 ac
1377 1442 1407 1478 si

84 1517 107 1544 4
124 1508 311 1556 perrumpi
331 1514 491 1555 possent,
512 1506 764 1542 intolerandus
783 1506 889 1543 labor
909 1518 977 1543 nee
998 1507 1085 1542 satis
1106 1518 1248 1542 causae.
1304 1505 1406 1542 Nero

125 1579 260 1614 tamen,
281 1577 319 1606 ut
339 1576 416 1606 erat
431 1569 700 1605 incredibilium
714 1570 868 1616 cupitor,
885 1569 1048 1605 effodere
1068 1569 1238 1616 proxima
1257 1569 1406 1604 Averno

124 1634 210 1681 iuga
229 1634 379 1670 conisus
398 1640 463 1677 est,
484 1639 711 1680 manentque
731 1633 887 1679 vestigia
908 1632 1036 1668 inritae
1058 1631 1146 1679 spei.

177 1701 242 1735 43.
273 1696 445 1733 Ceterum
474 1696 572 1731 urbis
601 1707 697 1742 quae
727 1695 854 1732 domui
887 1701 1102 1742 supererant
1134 1707 1223 1740 non,
1252 1700 1292 1730 ut
1325 1702 1408 1743 post

126 1760 269 1797 Gallica
299 1759 480 1802 incendia,
509 1758 608 1794 nulla
640 1758 875 1795 distinctione
907 1770 976 1794 nec
1007 1758 1145 1805 passim
1179 1764 1309 1802 erecta,
1344 1757 1408 1793 sed

126 1824 301 1860 dimensis
320 1823 484 1858 vicorum
505 1821 695 1858 ordinibus
715 1828 749 1858 et
769 1821 849 1858 latis
870 1822 1010 1857 viarum
1031 1821 1157 1868 spatiis
1177 1820 1408 1868 cohibitaque

126 1887 377 1923 aedificiorum
420 1885 608 1922 altitudine
645 1897 688 1921 ac
725 1885 913 1933 patefactis
951 1885 1044 1920 areis
1081 1884 1287 1932 additisque
1323 1896 1408 1932 por-

87 1961 108 1988 2
127 1951 268 1995 ficibus,
297 1961 393 1997 quae
426 1948 584 1985 frontem
615 1948 817 1984 insularum
850 1954 1096 1995 protegerent.
1152 1959 1213 1983 eas
1246 1948 1409 1995 porticus

128 2013 229 2050 Nero
259 2025 324 2049 sua
352 2012 511 2060 pecunia
540 2018 811 2048 exstructurum
840 2018 1090 2059 purgatasque
1119 2022 1224 2047 areas
1249 2010 1409 2046 dominis

89 2087 109 2114 3
129 2077 345 2113 traditurum
365 2075 549 2122 pollicitus
565 2080 631 2111 est.
679 2074 819 2110 addidit
835 2075 997 2121 praemia
1011 2087 1076 2123 pro
1089 2074 1265 2122 cuiusque
1280 2074 1409 2110 ordine

128 2146 163 2176 et
188 2140 240 2175 rei
266 2139 453 2174 familiaris
481 2138 609 2185 copiis,
636 2137 822 2184 finivitque
848 2144 996 2184 tempus
1021 2137 1116 2173 intra
1144 2137 1245 2185 quod
1270 2137 1409 2172 effectis

88 2211 110 2238 4
130 2202 300 2239 domibus
320 2208 381 2237 aut
394 2200 519 2236 insulis
532 2200 794 2247 apiscerentur.
838 2199 958 2235 ruderi
979 2199 1196 2246 accipiendo
1218 2199 1409 2236 Ostienses

129 2265 281 2313 paludes
319 2264 533 2306 destinabat,
567 2263 690 2310 utique
728 2274 853 2305 naves,
889 2273 984 2308 quae
1021 2262 1245 2297 frumentum
1283 2262 1410 2298 Tiberi

131 2327 452 2370 subvectavissent,
477 2332 631 2362 onustae
654 2325 785 2360 rudere
812 2325 1054 2368 decurrerent,
1075 2324 1314 2372 aedificiaque
1332 2325 1411 2372 ipsa

1167 2384 1180 2409 1

1421 562 1438 593 ‘R

1425 888 1464 909 10

1427 1203 1462 1234 Ι5

1425 1518 1465 1539 20

1428 1830 1465 1862 25

1428 2146 1468 2176 30
