1766 2693
166 222 332 275 A.D.62.]
521 229 669 259 LIBER
695 228 773 258 XV.
832 228 928 259 CAP.
964 221 1096 259 12-16.

165 332 296 378 quibus
317 330 531 378 perpetratis
557 329 664 377 copia
684 328 861 376 Vologesi
882 328 979 364 fieret
1000 327 1167 364 mittendi
1188 327 1235 363 ad
1256 325 1443 362 Neronem

74 392 80 405 ι
130 400 131 403 ’
165 395 317 442 legatos.

6 587 94 617 '2⁷55‘
115 591 160 598 ”

222 462 282 509 15.
306 458 456 493 Interim
474 457 613 493 flumini
631 457 811 492 Arsaniae
825 457 870 505 <is
892 463 1013 492 castra
1033 452 1276 504 praefluebat)
1293 459 1445 502 pontem

166 521 352 580 imposuit,
372 521 518 584 specie
532 521 600 578 sibi
627 507 715 555 illud
745 520 810 556 iter
836 520 1078 567 expedientis,
1100 519 1164 555 sed
1192 517 1315 554 Parthi
1342 516 1447 565 quasi

167 571 441 621 documentum
449 574 622 620 victoriae
635 570 846 627 iusserant;
878 595 1039 630 namque
1060 582 1102 618 iis
1131 582 1211 618 usui
1230 581 1308 626 fuit,
1331 580 1445 616 nostri
1467 592 1483 622 5

129 660 149 687 2
169 660 233 695 per
252 647 460 697 diversum
453 659 536 682 iere.
591 646 729 682 addidit
748 657 873 682 rumor
893 647 962 682 sub
982 646 1108 692 iugum
1129 645 1261 681 missas
1281 644 1447 691 legiones

168 718 202 746 et
225 711 294 746 alia
322 723 367 747 ex
397 711 505 746 rebus
535 709 712 754 infaustis,
740 721 901 757 quorum
926 708 1161 744 simulacrum
1188 709 1235 743 ab
1264 706 1448 742 Armeniis

130 787 149 813 3
168 781 381 821 usurpatum
408 780 472 809 est.
528 784 690 820 namque
719 779 754 808 et
782 772 1012 807 munimenta
1038 772 1194 818 ingressi
1223 777 1316 815 sunt,
1347 775 1448 806 ante-

168 849 280 885 quam
320 849 453 885 agmen
493 836 705 873 Romanum
744 835 948 878 excederet,
986 842 1020 871 et
1058 835 1326 870 circumstetere
1364 833 1449 874 vias,

169 901 311 948 captiva
348 900 435 936 olim
474 900 659 946 mancipia
697 906 759 934 aut
800 899 961 934 iumenta
998 898 1268 945 adgnoscentes
1310 897 1449 932 abstra—
1472 909 1508 929 10

129 974 151 1001 4
169 964 394 1011 hentesque:
424 970 546 1010 raptae
575 963 687 998 etiam
714 970 842 1005 vestes,
872 968 1012 997 retenta
1038 973 1149 1005 arma,
1178 960 1312 1008 pavido
1339 959 1449 995 milite

131 1037 150 1064 5
170 1038 206 1063 et
239 1026 476 1070 concedente,
508 1038 555 1061 ne
585 1037 659 1072 qua
690 1025 819 1073 proelii
854 1036 967 1065 causa
1004 1025 1185 1060 existeret.
1243 1023 1451 1070 Vologeses

170 1090 280 1126 a1mis
300 1096 334 1126 et
353 1090 573 1137 corporibus
596 1100 786 1124 caesorum
812 1076 1005 1135 aggeratis,
1026 1099 1102 1135 quo
1123 1087 1266 1123 cladem
1287 1093 1450 1123 nostram

171 1160 373 1197 testaretur,
394 1153 471 1188 visu
491 1151 707 1199 fugientium
724 1151 915 1198 legionum
935 1151 1116 1187 abstinuit.
1162 1150 1261 1186 fama
1280 1149 1450 1185 modera-

131 1226 152 1254 6
172 1218 280 1253 tionis
305 1218 559 1265 quaerebatur,
583 1222 779 1263 postquam
804 1215 1015 1262 superbiam
1042 1214 1259 1261 expleverat.
1314 1213 1450 1249 flumen
1475 1223 1510 1253 15

172 1281 367 1316 Arsaniam
401 1279 600 1327 elephanto
631 1279 806 1325 insidens,
842 1278 1033 1326 proximus
1070 1278 1226 1326 quisque
1260 1289 1386 1324 regem
1418 1276 1451 1310 vi

172 1355 351 1392 equorum
371 1331 579 1390 perrupere,
601 1342 686 1390 quia
712 1353 838 1377 rumor
863 1342 1063 1377 incesserat
1085 1348 1236 1388 pontem
1262 1351 1451 1376 cessurum

173 1408 276 1443 oneri
299 1406 386 1443 dolo
412 1406 690 1442 fabricantium:
721 1405 786 1441 sed
815 1405 879 1452 qui
906 1404 1047 1451 ingredi
1074 1404 1151 1440 ausi
1178 1410 1273 1448 sunt,
1294 1403 1453 1439 validum

173 1475 207 1504 et
228 1467 340 1503 fidum
360 1467 582 1503 intellexere.

225 1535 283 1568 16.
312 1530 485 1566 Ceterum
499 1530 659 1566 obsessis
675 1529 767 1566 adeo
781 1530 1070 1578 suppeditavisse
1084 1541 1161 1565 rem
1179 1528 1452 1565 frumentariam
1476 1538 1512 1558 20

174 1592 345 1634 constitit,
375 1597 414 1626 ut
450 1590 590 1627 horreis
620 1591 744 1637 ignem
785 1591 972 1634 inicerent,
1013 1580 1215 1637 contraque
1255 1588 1454 1637 prodiderit

176 1654 340 1692 Corbulo
361 1654 513 1690 Parthos
533 1654 662 1701 inopes
683 1655 873 1701 copiarum
898 1661 932 1690 et
953 1653 1089 1701 pabulo
1117 1654 1239 1689 attrito
1268 1652 1454 1688 relicturos

137 1731 158 1760 2
177 1718 507 1766 oppugnationem,
534 1729 654 1765 neque
683 1729 720 1753 se
744 1717 826 1764 plus
850 1717 959 1752 tridui
988 1717 1117 1753 itinere
1147 1716 1292 1752 afuisse.
1347 1715 1456 1751 adicit

176 1783 253 1817 iure
282 1780 437 1816 iurando
467 1780 569 1816 Paeti
596 1787 743 1815 cautum
769 1780 867 1827 apud
893 1780 1009 1828 signa,
1042 1780 1270 1816 adstantibus
1295 1779 1337 1814 iis
1363 1790 1456 1826 quos

178 1844 408 1881 testificando
445 1855 508 1879 rex
551 1843 719 1886 misisset,
758 1844 948 1879 neminem
987 1843 1203 1879 Romanum
1240 1842 1456 1878 Armeniam
1478 1854 1513 1883 25

178 1909 436 1955 ingressurum,
475 1907 594 1943 donec
637 1906 855 1942 referrentur
894 1907 1030 1943 litterae
1075 1906 1247 1950 Neronis,
1287 1917 1335 1940 an
1374 1905 1457 1952 paci

139 1983 160 2011 3
180 1971 365 2007 adnueret.
420 1981 514 2017 quae
535 1976 573 2005 ut
600 1969 792 2015 augendae
813 1969 983 2006 infamiae
1008 1969 1226 2017 composita,
1248 1968 1300 2004 sic
1320 1968 1458 2015 reliqua

179 2046 255 2070 non
275 2034 312 2069 in
332 2033 490 2069 obscuro
510 2032 700 2076 habentur,
721 2044 794 2068 una
814 2032 871 2068 die
885 2033 1128 2080 quadraginta
1143 2032 1282 2067 milium
1300 2031 1458 2079 spatium

180 2107 370 2133 emensum
394 2107 474 2131 esse
503 2095 668 2138 Paetum,
690 2095 842 2131 desertis
863 2096 1002 2142 passim
1029 2096 1171 2139 sauciis,
1195 2106 1316 2142 neque
1338 2094 1459 2129 minus

181 2158 385 2194 deformem
413 2158 511 2193 illam
541 2157 758 2204 fugientium
786 2157 1066 2204 trepidationem
1095 2169 1207 2205 quarn
1234 2157 1263 2192 si
1293 2164 1394 2203 terga
1422 2156 1458 2191 in
1479 2169 1518 2198 30

139 2232 163 2260 4
182 2221 257 2257 acie
277 2221 478 2256 vertissent.
509 2219 672 2255 Corbulo
692 2230 775 2255 cum
793 2220 866 2255 suis
881 2220 998 2267 copiis
1011 2220 1111 2267 apud
1131 2220 1248 2267 ripam
1261 2219 1460 2267 Euphratis

181 2283 308 2320 obvius
328 2294 403 2319 non
423 2293 505 2318 eam
533 2282 694 2329 speciem
721 2282 920 2328 insignium
941 2289 975 2318 et
1002 2294 1190 2318 armorum
1215 2282 1395 2330 praetulit,
1422 2291 1460 2317 ut

143 2356 164 2384 5
183 2346 427 2381 diversitatem
457 2345 706 2392 exprobraret.
760 2345 889 2380 maesti
921 2345 1098 2392 manipuli
1136 2357 1178 2381 ac
1210 2345 1329 2381 vicem
1359 2356 1459 2381 com-
