1776 2653
0 2262 26 2280 θι.
35 2259 45 2274 ’·
64 2261 66 2263 ‚

0 2283 14 2293 μ

176 163 251 188 m).
273 147 339 201 58]
500 156 644 187 LIBER
673 156 778 186 wls
838 157 932 186 CAP.
962 161 1037 198 37-
1041 163 1098 197 39·

165 227 450 294 consulerentur
466 233 554 293 totis
581 257 806 294 exercitibus
827 270 953 294 coram
974 258 1229 294 dissertaturos
1249 258 1448 318 respondit.

135 329 156 357 5
176 321 370 368 locumque
404 321 547 368 delegit,
579 321 683 357 cuius
713 332 797 369 pars
830 321 942 357 altera
974 321 1085 358 colles
1119 328 1221 357 erant
1252 305 1450 358 clementer

176 384 415 432 adsurgentes
435 384 657 444 accipiendis
682 384 847 432 peditum
873 384 1073 429 ordinibus,
1095 396 1180 432 pars
1206 385 1243 420 in
1264 385 1450 432 planitiem

61 466 64 469 ⁴
86 493 90 502 Ι
135 457 157 484 6
175 447 427 495 porrigebatur
454 447 500 483 ad
526 429 763 495 eiiplicandas
787 447 953 495 equitum
981 454 1130 484 turmas.
1186 448 1316 496 dieque
1342 456 1451 496 pacto

175 511 272 559 prior
292 510 456 547 Corbulo
477 510 596 546 socias
617 510 790 547 cohortes
810 517 845 546 et
866 511 1001 547 auxilia
1021 523 1150 569 regum
1169 523 1237 560 pro
1263 512 1449 555 cornibus,

175 574 298 610 medio
317 580 458 610 sextam
478 573 664 620 legionem
685 574 881 617 constituit,
902 575 959 611 cui
983 573 1101 611 accita
1121 566 1187 638 per
1206 583 1355 612 noctem
1375 575 1451 610 aliis

176 650 220 673 ex
258 637 382 673 castris
420 637 488 673 tria
524 637 622 673 milia
660 637 898 674 tertianorum
943 627 1215 685 permiscuerat,
1256 651 1332 692 una
1366 650 1453 675 cum

1499 291 1501 293 .
1524 282 1538 292 ,ο

137 701 306 751 7aquila‚
338 700 443 748 quasi
476 700 606 737 eadem
638 700 735 748 legio
768 706 1003 748 spectaretur.
1060 702 1242 739 Tiridates
1279 689 1476 753 tergente.

175 764 245 799 iam
267 764 324 799 die
344 763 472 811 procul
492 764 637 808 adstitit,
658 764 756 799 unde
776 764 889 800 videri
910 765 1027 812 magis
1047 777 1159 812 quam
1179 766 1296 801 audiri
1315 772 1450 813 posset.

175 828 222 863 ita
259 827 336 862 sine
378 836 576 874 congressu
614 827 689 864 dux
726 827 922 864 Romanus
960 829 1158 865 abscedere
1195 828 1349 866 militem
1386 840 1452 864 sua

176 902 359 938 quemque
380 890 417 926 in
436 897 555 939 castra
574 891 684 927 iubet.

227 957 294 991 39.
324 953 406 989 Rex
426 954 499 989 sive
520 953 685 990 fraudem
706 961 930 1003 suspectanS,
953 956 1038 1004 quia
1065 956 1168 1017 plura
1187 955 1325 992 simul
1318 968 1352 991 m
1373 955 1452 991 loca

175 1018 302 1062 ibatur,
325 1018 397 1053 sive
416 1025 454 1053 ut
475 1025 703 1055 commeatus
718 1024 865 1066 nostros
882 1019 1036 1056 Pontico
1052 1019 1143 1055 mari
1160 1027 1195 1056 et
1215 1019 1451 1067 Trapezunte

136 1091 158 1120 2
176 1080 328 1129 oppido·
334 1071 571 1121 adventantes
592 1082 837 1130 interciperet,
859 1094 1015 1130 propere
1036 1083 1198 1119 discedit.
1249 1075 1320 1118 sed'
1332 1094 1451 1129 neque

175 1144 440 1181 commeatibus
460 1144 533 1180 vim
558 1144 677 1195 facere
702 1146 834 1196 potuit,
855 1146 940 1193 quia
968 1158 1033 1193 per
1056 1153 1201 1182 montes
1228 1145 1452 1181 ducebantur

139 1250 143 1253 ψ
176 1205 364 1258 praesidiis
402 1204 535 1241 nostris
568 1203 754 1249 insessos‚'
776 1212 811 1241 et
845 1206 1021 1251 Corbulo,
1053 1218 1098 1242 ne
1131 1205 1278 1242 inritum
1316 1205 1451 1241 bellum

176 1267 375 1304 traheretur
403 1275 516 1316 utque
545 1269 743 1305 Armenios
773 1269 820 1305 ad
849 1280 914 1305 sua
942 1268 1173 1305 defendenda
1201 1276 1360 1316 cogeret,
1389 1280 1451 1304 ex-

176 1332 322 1367 cindere
364 1340 464 1379 parat
507 1332 665 1378 castella,
703 1333 844 1381 sibique
886 1333 986 1381 quod
1028 1333 1293 1382 validissimum
1334 1332 1372 1367 in
1408 1344 1452 1367 ea

176 1394 410 1442 praefectura,
431 1401 684 1443 cognomento
703 1396 932 1441 Volandum,
954 1396 1083 1442 sumit,·
1112 1383 1256 1435 minora
1279 1394 1452 1432 Cornelio

175 1458 310 1495 Flacco
328 1459 450 1507 legato
470 1466 505 1495 et
526 1460 664 1496 Insteio
677 1459 850 1508 Capitoni
866 1466 1070 1497 castrorum
1084 1450 1272 1508 praefecto
1288 1458 1450 1494 mandat.

137 1525 157 1553 3
177 1526 253 1555 tum
278 1519 551 1567 circumspectis
577 1521 815 1557 munimentis
842 1526 878 1556 et
904 1532 997 1568 quae
1025 1519 1291 1568 expugnationi
1319 1518 1453 1556 idonea

176 1583 340 1630 provisis,
371 1583 536 1620 hortatur
569 1585 701 1620 milites
731 1590 769 1620 ut
797 1584 940 1620 hostem
969 1595 1103 1631 vagum
1132 1595 1252 1631 neque
1282 1583 1363 1630 paci
1391 1589 1453 1618 aut

176 1646 316 1703 proelio
343 1654 522 1700 paratum,
544 1647 607 1682 sed
629 1647 822 1695 perfidiam
842 1654 877 1683 et
899 1647 1082 1694 ignaviam
1106 1646 1192 1693 fuga
1216 1646 1453 1682 confitentem

177 1713 352 1746 exuerent
383 1700 537 1746 sedibus
558 1708 770 1758 gloriaeque
799 1704 932 1757 pariter
961 1716 995 1745 et
1023 1709 1181 1757 praedae
1209 1708 1452 1745 consulerent.

136 1779 254 1810 4tuin
287 1773 555 1821 quadripertito
588 1774 752 1809 exercitu
789 1772 858 1808 hos
889 1773 923 1808 in
959 1773 1180 1809 testudinem
1210 1772 1453 1819 conglobatos

131 1839 151 1843 ’“
177 1835 519 1889 SUbOESfflssE-Xaflo
550 1835 700 1879 inducit,
734 1835 824 1872 alios
859 1835 975 1872 scalas
1012 1836 1208 1872 moenibus
1244 1836 1452 1879 admovere,

137 1908 158 1936 5
176 1899 310 1934 multos
330 1899 521 1935 tormentis
540 1898 639 1935 faces
667 1906 702 1935 et
730 1897 851 1935 hastas
879 1899 1041 1934 incutere
1066 1897 1174 1935 iubet.
1231 1897 1452 1935 libritoribus

177 1961 494 2010 funditoribusque
525 1963 717 1998 attributus
749 1961 864 2007 locus,
899 1963 997 1998 unde
1025 1963 1168 1998 eminus
1196 1962 1351 2010 glandes
1379 1969 1453 1998 tor-

177 2032 339 2073 querent,
378 2037 424 2061 ne
460 2036 534 2072 qua
570 2037 656 2072 pars
697 2025 900 2061 subsidium
942 2025 1194 2061 laborantibus
1230 2025 1338 2060 ferret
1374 2025 1452 2072 pari

136 2097 158 2125 6
177 2088 341 2136 undique
371 2094 482 2124 metu.
538 2095 660 2124 tantus
690 2088 775 2123 inde
808 2087 917 2124 ardor
955 2088 1127 2124 certantis
1167 2087 1347 2123 exercitus
1377 2087 1450 2130 fuit,

124 2178 127 2181 .
177 2157 214 2186 ut
243 2151 338 2186 intra
369 2151 511 2186 tertiam
544 2150 614 2186 diei
647 2157 787 2197 partem
818 2150 942 2185 nudati
980 2142 1314 2197 propugnatoribus
1347 2151 1451 2194 muri,

147 2205 302 2270 obices
338 2219 527 2261 porta’um
564 2213 736 2257 subversi,
772 2220 878 2260 capta
916 2224 1069 2257 escensu
1106 2213 1336 2248 munimenta
1372 2224 1452 2248 om-

94 2285 144 2318 s*
157 2270 315 2335 {aesque
344 2277 500 2324 puberes
538 2276 705 2312 trucidati
739 2276 821 2319 sint,
857 2275 956 2312 nullo
994 2275 1105 2312 milite
1143 2275 1289 2321 amisso,
1327 2275 1453 2323 paucis

213 2317 275 2346 δ’»

1195 2337 1217 2361 Ε

199 2435 217 2456 4,

1472 841 1508 861 10

1472 1155 1507 1186 Ι5

1472 1472 1510 1493 20

1472 1784 1509 1815 25

1472 2098 1510 2128 30
