1674 2653
502 171 730 202 CORNELII
759 170 922 200 TACITI
946 170 1208 200 ANM—JLJUM
1260 161 1391 214 [A.U.C.
1411 171 1482 209 815.

222 271 462 319 doctoresque
491 271 698 318 sapientiae,
729 270 939 306 Coeranum
968 269 1111 312 Graeci,
1134 268 1348 305 Musonium
1368 267 1481 304 Tusci

222 335 376 381 generis,
421 334 663 370 constantiam
704 332 947 380 opperiendae
987 332 1112 368 mortis
1159 344 1226 380 pro
1269 332 1405 367 incerta
1447 337 1482 367 et

222 397 361 444 trepida
398 397 466 432 vita
503 396 667 432 suasisse.
721 400 885 442 repertus
913 401 967 431 est
994 402 1089 431 certe
1121 407 1187 442 per
1214 394 1375 430 medium
1412 393 1521 430 dieis

223 459 341 494 nudus
369 458 604 495 exercitando
632 458 786 506 corpori.
851 457 958 493 talem
986 469 1070 493 eum
1099 457 1263 493 centurio
1292 456 1483 492 trucidavit

187 538 204 568 5
222 533 345 558 coram
365 521 548 569 Pelagone
568 520 743 568 spadone,
764 531 874 568 quem
894 519 995 556 Nero
1010 520 1212 556 centurioni
1228 526 1262 555 et
1281 519 1482 566 manipulo,

222 585 326 631 quasi
362 585 572 620 satellitibus
608 584 814 620 ministrum
851 583 1003 630 regium,
1041 588 1307 630 praeposuerat.
1375 585 1523 628 caput4

222 647 395 683 interfecti
409 647 559 683 relatum
574 660 583 692 3
612 647 714 683 cuius
730 652 877 693 aspectu
891 645 984 693 (ipsa
999 645 1172 693 principis
1188 645 1295 681 verba
1315 640 1483 692 referam)

222 722 296 754 cur,
324 711 450 758 inquit,
481 709 581 746 Nero
598 707 614 728 *
631 707 649 727 *
669 708 685 727 *
703 716 737 745 et
765 709 882 756 posito
911 715 1010 744 metu
1040 708 1181 756 nuptias
1214 708 1406 754 Poppaeae
1436 706 1484 741 ob

222 773 298 809 eius
343 773 444 809 modi
489 778 640 809 terrores
678 772 806 808 dilatas
851 777 1032 807 maturare
1075 777 1176 818 parat
1218 769 1484 815 Octaviamque

170 851 206 872 10
224 835 418 882 coniugem
438 835 588 878 amoliri,
609 834 773 882 quamvis
793 834 957 870 modeste
977 838 1109 880 ageret,
1137 832 1285 868 nomine
1313 831 1423 879 patris
1448 837 1483 866 et

223 898 348 934 studiis
384 898 508 945 populi
545 909 704 944 gravem.
760 896 824 932 sed
862 896 907 931 ad
939 903 1106 932 senatum
1137 895 1270 930 litteras
1308 894 1404 928 misit
1437 893 1520 928 de5

224 961 335 996 caede
374 960 496 996 Sullae
535 960 722 1007 Plautique
759 959 855 995 haud
895 958 1094 1002 confessu&
1135 968 1260 992 verum
1298 956 1483 1003 utriusque

224 1023 406 1059 turbidum
437 1023 626 1071 ingenium
655 1034 745 1065 esse,
766 1028 799 1057 et
829 1021 895 1057 sibi
923 1020 1210 1057 incolumitatem
1241 1019 1290 1056 rei
1319 1018 1484 1067 publlcae

223 1097 359 1132 magna
398 1098 484 1121 cura
520 1085 654 1122 haberi.
711 1085 876 1121 decretae
913 1096 958 1119 eo
1000 1083 1149 1119 nomine
1193 1081 1524 1129 supplicationes‚6

170 1163 205 1192 15
224 1156 333 1195 utque
363 1148 461 1184 Sulla
489 1155 524 1185 et
556 1148 703 1184 Plautus
731 1154 858 1184 senatu
886 1152 1127 1190 moverentur,
1157 1145 1380 1193 gravioribus
1414 1144 1485 1179 iam

223 1211 384 1246 ludibriis
403 1223 514 1258 quam
534 1211 649 1247 malis.

277 1278 344 1310 60.
374 1274 487 1321 Igitur
526 1280 679 1321 accepto
716 1279 858 1321 patrum
904 1271 1082 1316 consulto,
1125 1277 1319 1319 postquam
1356 1275 1486 1306 cuncta

225 1337 405 1372 scelerum
426 1348 574 1373 suorum
595 1347 660 1384 pro
680 1337 834 1384 egregiis
850 1336 967 1383 accipi
980 1335 1085 1378 videt,
1101 1335 1268 1370 exturbat
1284 1333 1484 1375 Octaviam,

225 1399 383 1435 sterilem
430 1399 622 1444 dictitans;
663 1399 759 1435 exim
796 1398 991 1445 Poppaeae
1029 1397 1269 1443 coniungitur.
1336 1407 1379 1431 ea
1424 1395 1523 1430 diu2

169 1476 208 1498 20
226 1462 353 1509 paelex
390 1468 426 1498 et
461 1461 613 1498 adulteri
651 1460 819 1506 Neronis,
852 1472 939 1496 mox
976 1460 1092 1495 mariti
1129 1466 1270 1507 potenS,
1300 1457 1486 1506 quendam

224 1536 269 1560 ex
302 1525 474 1560 ministris
502 1524 673 1561 Octaviae
703 1524 846 1571 impulit
879 1523 1043 1559 servilem
1075 1522 1107 1559 ei
1137 1533 1301 1558 amorem
1331 1521 1486 1556 obicere.

224 1587 499 1635 destinaturque
536 1598 617 1623 reus
644 1592 890 1634 cognomento
919 1585 1115 1629 Eucaerus,
1148 1585 1298 1620 natione
1325 1583 1485 1619 Alexan-
1503 1587 1524 1615 3

224 1650 359 1694 drinus‚
376 1662 506 1686 canere
522 1650 617 1685 tibiis
630 1649 771 1686 doctus.
813 1656 913 1685 actae
927 1649 975 1685 ob
991 1649 1027 1684 id
1043 1648 1087 1684 de
1102 1647 1242 1684 ancillis
1253 1646 1486 1695 quaestiones
1504 1650 1527 1677 4

223 1719 257 1748 et
278 1713 309 1747 vi
329 1719 596 1749 tormentorum
619 1713 719 1748 victis
735 1711 953 1759 quibusdam
974 1718 1012 1746 ut
1031 1710 1120 1746 falsa
1140 1710 1351 1754 adnuerem,
1367 1708 1487 1756 plures

163 1788 198 1818 25
224 1772 410 1819 perstitere
429 1772 658 1808 sanctitatem
687 1771 860 1809 dominae
880 1770 982 1808 tueri.
1036 1776 1205 1806 movetur
1229 1775 1354 1805 tamen
1379 1769 1498 1816 primo
1516 1780 1536 1807 5

220 1835 332 1871 civilis
348 1835 489 1870 discidii
510 1836 631 1882 specie
649 1835 875 1882 domumque
892 1833 1008 1877 Burri,
1027 1833 1177 1880 praedia
1194 1832 1321 1876 Plauti,
1340 1832 1496 1868 infausta

220 1897 320 1933 dona
346 1898 498 1945 accipit:
538 1909 626 1934 mox
657 1898 692 1933 in
720 1897 967 1944 Campaniam
992 1895 1098 1944 pulsa
1124 1902 1179 1932 est
1204 1895 1327 1931 addita
1353 1895 1498 1931 militari

218 1960 396 1998 custodia.
452 1961 537 1996 iude
571 1961 687 1996 crebri
715 1967 864 2007 questus
896 1972 964 1995 nec
993 1959 1124 1995 occulti
1154 1970 1219 2006 per
1248 1958 1409 2005 vulgum,
1440 1959 1497 1995 cui
1516 1965 1537 1992 6

216 2025 338 2060 minor
362 2024 539 2071 sapientia
565 2030 601 2060 et
621 2036 665 2059 ex
688 2023 938 2060 mediocritate
958 2022 1125 2059 fortunae
1146 2022 1320 2070 pauciora
1341 2021 1498 2069 pericula

159 2106 198 2135 30
218 2094 312 2124 sunt.
367 2088 421 2123 his
449 2116 456 2123 .
485 2116 492 2123 .
521 2116 529 2124 .
553 2095 742 2135 tamquam
772 2086 875 2123 Nero
903 2086 1124 2135 paenitentia
1151 2085 1274 2132 flagitii
1301 2085 1498 2132 coniugem

219 2151 396 2187 revocarit
420 2150 623 2187 Octaviam.

273 2219 329 2251 61.
360 2214 472 2249 Exim
518 2215 600 2250 laeti
644 2213 870 2262 Capitolium
915 2213 1096 2250 scandunt
1140 2212 1303 2260 deosque
1348 2211 1498 2256 tandem
