1674 2653
239 562 256 592 5

219 879 257 901 10

219 1510 256 1532 20

221 2143 260 2173 30

557 195 785 225 CORNELI]
814 195 980 225 TACITI
1003 194 1272 225 ANNALJUM
1322 185 1551 238 [A.U.C.819.

279 296 425 344 ingenia
446 303 686 341 notescerent,
708 296 857 333 offertur
887 296 982 341 Silia,
1003 297 1236 333 matrimonio
1257 296 1433 333 senatoris
1451 295 1551 333 haud

277 361 402 408 ignota
448 367 481 396 et
520 361 587 408 ipsi
625 361 672 397 ad
708 372 859 397 omnem
897 360 1084 396 libidinem
1123 360 1262 396 adscita
1299 372 1341 396 ac
1379 360 1551 396 Petronio

276 436 455 472 perquam
481 424 677 461 familiaris.
732 424 850 471 agitur
875 424 912 460 in
938 424 1096 468 exilium,
1118 430 1308 471 tamquam
1334 435 1410 459 non
1437 423 1550 460 siluis-

276 495 329 523 set
357 499 451 534 quae
478 488 617 523 viderat
645 487 923 535 pertuleratque,
950 488 1099 535 proprio
1127 487 1223 524 odio.
1279 493 1315 522 at
1344 485 1587 524 Minucium2

276 550 481 586 Thermum
502 558 671 597 praetura
691 550 855 586 functum
877 550 1050 598 Tigellini
1077 549 1318 586 simultatibus
1338 549 1446 594 dedit,
1467 551 1551 597 quia

275 614 422 649 libertus
452 613 604 650 Thermi
642 614 824 662 quaedam
853 613 897 649 de
926 613 961 649 T
966 613 1113 661 igellino
1142 613 1338 650 criminose
1367 613 1551 657 detulerat,

275 689 369 724 quae
399 677 616 713 cruciatibus
647 683 916 714 tormentorum
944 677 1032 725 ipse,
1063 683 1241 724 patronus
1270 677 1348 713 eius
1376 688 1467 713 nece
1497 677 1551 712 in-

275 740 402 776 merita
422 741 530 776 luere.

326 808 383 841 21.
420 803 629 841 Trucidatis
660 810 712 840 tot
743 804 948 851 insignibus
981 804 1075 849 viris,
1110 804 1157 841 ad
1190 811 1418 852 postremum
1450 803 1552 841 Nero

275 867 442 903 virtutem
463 868 580 915 ipsam
600 868 794 904 excindere
811 868 1018 915 concupivit
1040 868 1231 904 interfecto
1251 868 1418 905 Thrasea
1438 868 1551 904 Paeto

275 938 309 966 et
325 930 442 966 Barea
460 930 612 974 Sorano,
630 931 718 966 olim
733 932 896 979 utrisque
912 931 1086 975 infensus,
1103 938 1137 968 et
1157 932 1417 968 accedentibus
1432 932 1551 969 causis

274 995 310 1029 in
338 994 557 1039 Thraseam,
585 995 685 1042 quod
716 1001 844 1031 senatu
871 1006 1038 1041 egressus
1066 1002 1132 1039 est,
1162 1007 1246 1031 cum
1275 995 1319 1031 de
1347 996 1552 1043 Agrippina

274 1058 470 1101 referretur,
496 1065 534 1094 ut
560 1058 774 1102 memoravi,
797 1059 972 1105 quodque
1000 1058 1228 1095 Iuvenalium
1254 1058 1396 1095 ludicro
1422 1069 1550 1107 parum

275 1122 513 1169 spectabilem
542 1133 693 1169 operam
720 1123 956 1169 praebuerat;
985 1133 1101 1169 eaque
1128 1122 1285 1158 offensio
1310 1122 1415 1158 altius
1440 1134 1551 1169 pene-

274 1187 402 1229 trabat,
441 1186 528 1233 quia
562 1185 660 1221 idem
694 1184 863 1221 Thrasea
896 1184 1030 1229 Patavi,
1064 1185 1163 1221 unde
1197 1192 1297 1221 ortus
1334 1191 1422 1230 erat,
1458 1185 1552 1221 ludis

275 1252 294 1286 †
308 1249 451 1285 cetastis
464 1261 485 1284 a
499 1248 664 1284 Troiano
679 1249 867 1284 Antenore
883 1248 1053 1284 institutis
1070 1248 1194 1284 habitu
1210 1248 1346 1296 tragico
1361 1248 1550 1284 cecinerat.

274 1311 333 1347 die
364 1323 524 1359 quoque,
556 1323 630 1359 quo
662 1318 807 1359 praetor
838 1311 1017 1347 Antistius
1050 1312 1099 1347 ob
1129 1312 1264 1359 probra
1294 1312 1330 1346 in
1361 1310 1589 1347 Neronem2

274 1376 482 1422 composita
495 1375 540 1411 ad
554 1381 709 1411 mortem
724 1374 976 1418 damnabatur,
990 1374 1133 1410 mitiora
1147 1375 1286 1411 censuit
1299 1375 1527 1421 obtinuitque
1540 1385 1549 1417 ;

274 1445 309 1473 et
329 1450 413 1474 cum
433 1438 541 1474 deum
567 1438 725 1474 honores
746 1438 941 1486 Poppaeae
971 1438 1227 1483 decernuntur,
1249 1444 1381 1485 sponte
1406 1439 1549 1481 absens,

275 1501 390 1537 funeri
417 1514 492 1538 non
520 1501 740 1538 interfuerat.
787 1513 880 1548 quae
914 1501 1114 1538 oblitterari
1144 1513 1220 1538 non
1249 1501 1391 1537 sinebat
1413 1500 1549 1547 Capito
1568 1510 1588 1537 3

274 1564 525 1609 Cossutianus,
554 1571 695 1613 praeter
723 1565 889 1617 animum
913 1565 959 1601 ad
984 1564 1118 1612 flagitia
1142 1565 1378 1613 praecipitem
1404 1564 1550 1611 iniquus

275 1627 477 1674 Thraseae,
496 1629 595 1676 quod
622 1629 837 1664 auctoritate
863 1629 941 1664 eius
968 1628 1198 1672 concidisset,
1218 1627 1373 1663 iuvantis
1393 1625 1550 1663 Cilicum

274 1691 425 1739 legatos,
447 1692 535 1728 dum
557 1692 781 1739 Capitonem
800 1692 1086 1739 repetundarum
1105 1692 1344 1738 interrogant.

327 1760 391 1792 22.
414 1755 513 1800 Quin
534 1762 569 1791 et
587 1756 646 1791 illa
662 1756 881 1799 obiectabat,
902 1755 1083 1802 principio
1100 1754 1188 1790 anni
1210 1755 1320 1790 vitare
1343 1753 1549 1790 Thraseam

239 1830 254 1860 ,·
276 1819 452 1854 sollemne
468 1819 522 1854 ius
537 1819 731 1854 iurandum
745 1831 753 1862 ;
784 1818 1122 1865 nuncupationibus
1138 1824 1304 1854 votorum
1320 1829 1395 1853 non
1410 1816 1547 1860 adesse,

276 1883 443 1929 quamvis
480 1881 793 1929 quindecimvirali
831 1881 1037 1918 sacerdotio
1076 1881 1305 1928 praeditum:
1345 1891 1548 1926 numquam

276 1956 342 1991 pro
363 1945 476 1981 salute
496 1945 669 1992 principis
689 1951 749 1980 aut
777 1944 922 1980 caelesti
947 1956 1035 1980 voce
1061 1944 1329 1988 immolavisse;
1353 1943 1548 1979 adsiduum

276 2008 362 2043 olim
389 2015 424 2044 et
444 2008 678 2052 indefessum,
700 2008 762 2055 qui
788 2007 999 2054 vulgaribus
1025 2019 1175 2055 quoque
1202 2013 1347 2054 patrum
1373 2005 1547 2042 consultis

277 2077 390 2106 semet
427 2070 606 2107 fautorem
644 2076 705 2105 aut
738 2070 986 2106 adversarium
1023 2069 1242 2114 ostenderet,
1281 2070 1438 2105 triennio
1471 2080 1548 2104 non

278 2134 445 2169 introisse
465 2135 623 2178 curiam;
653 2134 946 2181 nuperrimeque,
962 2144 1048 2169 cum
1068 2133 1116 2168 ad
1134 2132 1362 2169 coercendos
1384 2131 1548 2167 Silanum

277 2203 313 2231 et
340 2195 512 2232 Veterem
537 2198 698 2233 certatim
727 2203 1010 2238 concurreretur,
1038 2195 1183 2242 privatis
1211 2196 1333 2243 potius
1362 2194 1548 2230 clientium

278 2259 435 2304 negotiis
454 2260 646 2294 vacavisse.
702 2259 948 2294 secessionem
967 2259 1039 2294 iam
1064 2257 1101 2293 id
1126 2265 1163 2293 et
1183 2264 1303 2305 partes
1329 2264 1374 2300 et,
1402 2257 1430 2291 si
1451 2256 1546 2291 idern
1565 2261 1587 2289 2

278 2321 380 2356 multi
412 2321 579 2365 audeant,
617 2321 754 2356 bellum
792 2332 882 2356 esse.
938 2325 998 2355 ‘ut
1031 2320 1220 2367 quondam
1253 2319 1295 2355 C.
1330 2317 1546 2355 Caesarem’
