1674 2653
528 165 755 196 CORNELII
784 166 948 197 TACJTJ
970 167 1235 198 ANNALJUM
1285 158 1418 211 [A.U.c.
1438 169 1508 199 812.

241 264 311 300 alia
344 265 444 312 regia
476 264 665 302 fecundior
698 266 822 310 extitit,
855 267 1010 302 invisum
1041 266 1268 314 Agrippinae
1306 278 1442 304 nomen
1476 274 1512 305 et

241 335 356 364 morte
394 329 470 365 eius
507 340 705 364 accensum
744 329 870 377 populi
910 329 1071 366 favorem
1111 330 1312 366 disserunt:
1354 331 1420 366 iret
1457 331 1510 367 in-

240 391 400 439 trepidus
445 398 480 427 et
524 392 796 428 venerationem
843 393 896 428 sui
938 405 1063 429 coram
1109 394 1357 441 experiretur;
1404 394 1510 430 simul

241 454 428 502 praegredi
474 461 690 502 exposcunt.
759 463 794 491 et
839 456 1066 503 promptiora
1111 468 1222 504 quam
1268 457 1511 504 promiserant
1529 464 1549 491 2

205 531 221 561 5
241 518 439 562 inveniunt,
467 518 594 555 obvias
622 519 747 563 tribus,
777 519 868 555 sesto
897 520 996 555 cultu
1027 526 1205 564 senatum,
1236 520 1435 568 coniugum
1468 533 1510 557 ac

239 581 435 618 liberorum
455 581 603 628 agmina
623 594 687 629 per
707 594 836 618 sexum
856 589 891 619 et
911 589 1064 619 aetatem
1088 583 1273 631 disposita,
1294 590 1508 630 exstructos,

240 656 313 693 qua
344 644 537 689 incederet,
569 645 863 693 spectaculorum
900 646 1046 693 gradus,
1079 659 1154 694 quo
1187 647 1299 683 modo
1338 647 1510 695 triumphi

239 709 413 744 visuntur.
467 708 550 745 hinc
571 709 750 756 superbus
769 721 811 745 ac
831 710 965 757 publici
992 709 1123 746 servitii
1149 710 1260 746 victor
1286 710 1509 758 Capitolium
1527 715 1548 743 3

239 772 336 816 adiit,
361 778 483 820 grates
508 772 671 817 exsolvit,
701 784 812 820 seque
839 773 876 808 in
902 785 1031 809 omnes
1060 773 1226 810 libidines
1255 774 1393 818 effudit,
1418 786 1510 822 quas

188 853 222 874 10
240 835 334 872 male
353 836 530 872 coercitas
550 836 825 884 qualiscumque
845 836 970 872 matris
989 838 1188 873 reverentia
1207 838 1422 874 tardaverat.

289 902 351 935 14.
380 897 495 934 Vetus
514 898 562 933 illi
581 899 715 946 cupido
735 905 811 934 erat
838 899 1018 935 curriculo
1044 899 1306 947 quadrigarum
1334 900 1509 945 insistere,

239 973 307 998 nec
344 961 464 997 minus
501 961 649 997 foedum
687 962 847 997 studium
885 961 1022 998 cithara
1065 963 1243 999 ludicrum
1282 963 1318 998 in
1355 963 1509 1000 modum

240 1037 380 1061 canere.
435 1031 647 1061 concertare
675 1025 779 1072 equis
806 1025 946 1072 regium
974 1032 1009 1061 et
1038 1025 1197 1074 antiquis
1226 1026 1381 1062 ducibus
1408 1025 1510 1063 facti-

240 1092 355 1121 tatum
383 1085 622 1129 memorabat‚
648 1085 756 1133 idque
785 1092 909 1121 vatum
937 1085 1105 1122 laudibus
1128 1086 1269 1123 celebre
1293 1093 1328 1122 et
1357 1086 1509 1123 deorum

187 1160 221 1192 15
239 1148 369 1184 honori
412 1148 548 1185 datum.
603 1148 788 1185 enimvero
832 1155 961 1185 cantus
999 1149 1162 1197 Apollini
1199 1161 1336 1194 sacros,
1374 1150 1548 1198 talique2

240 1217 367 1248 ornatu
397 1211 540 1247 adstare
569 1222 645 1247 non
673 1212 787 1248 modo
818 1211 970 1248 Graecis
998 1212 1035 1248 in
1063 1213 1215 1248 urbibus
1245 1212 1309 1248 sed
1338 1212 1509 1249 Romana

240 1274 336 1322 apud
355 1274 489 1321 templa
508 1285 646 1310 numen
666 1275 903 1323 praecipuum
925 1280 961 1311 et
979 1275 1196 1323 praescium.
1253 1287 1320 1312 nec
1340 1276 1413 1311 iam
1433 1276 1507 1312 sisti
1526 1282 1547 1309 3

240 1344 392 1386 poterat,
408 1349 491 1373 cum
512 1336 672 1374 Senecae
692 1349 734 1374 ac
755 1338 871 1374 Burro
891 1339 1017 1382 visum,
1036 1350 1081 1374 ne
1101 1345 1252 1386 utraque
1269 1339 1507 1386 pervinceret,

241 1401 390 1437 alterum
417 1400 628 1437 concedere.
683 1402 919 1450 clausumque
946 1402 1036 1438 valle
1062 1401 1246 1437 Vaticana
1273 1402 1444 1449 spatium,
1472 1402 1509 1437 in
1526 1408 1549 1436 4

187 1475 224 1496 20
241 1476 314 1512 quo
344 1476 460 1512 equos
488 1470 637 1511 regeret,
670 1463 767 1501 haud
801 1466 986 1512 promisco
1026 1465 1242 1513 spectaculo.
1298 1476 1385 1502 mox
1416 1465 1509 1502 ultro

242 1528 360 1564 vocari
380 1527 536 1575 populus
557 1527 748 1564 Romanus
767 1528 1008 1576 laudibusque
1031 1528 1214 1572 extollere,
1237 1534 1276 1564 ut
1302 1534 1355 1564 est
1381 1528 1509 1576 vulgus

241 1591 391 1638 cupiens
422 1590 647 1638 voluptatum
679 1597 723 1635 et,
758 1591 786 1626 si
823 1592 955 1627 eodem
993 1592 1163 1638 princeps
1201 1591 1326 1635 trahat,
1361 1591 1508 1627 laetum.

241 1660 401 1690 ceterum
433 1653 619 1700 evulgatus
651 1653 771 1701 pudor
803 1666 879 1690 non
912 1654 1126 1699 satietatem,
1158 1661 1197 1690 ut
1231 1655 1412 1699 rebantur,
1443 1654 1546 1691 sed5

241 1717 517 1753 incitamentum
555 1717 682 1752 attulit.
737 1723 909 1765 ratusque
947 1717 1105 1753 dedecus
1143 1717 1286 1761 molliri,
1320 1718 1349 1753 si
1387 1718 1509 1765 plures

188 1789 224 1820 25
243 1780 435 1824 foedasset,
463 1780 640 1815 nobilium
669 1779 886 1816 familiarum
916 1786 1084 1827 posteros
1113 1786 1275 1827 egestate
1302 1780 1446 1816 venales
1471 1780 1508 1816 in

242 1855 412 1880 scaenam
428 1842 598 1888 deduxit3
628 1855 720 1890 quos
737 1843 809 1879 frito
829 1842 1038 1890 perfunctos
1055 1854 1100 1877 ue
1115 1842 1336 1878 nominatim
1356 1843 1506 1886 tradam,

241 1906 439 1942 maioribus
458 1917 584 1941 eorum
600 1906 830 1941 tribuendum
847 1912 949 1953 puto.
1003 1917 1088 1940 nam
1107 1911 1142 1941 et
1158 1906 1235 1940 eius
1251 1905 1427 1953 flagitium
1443 1912 1508 1950 est,

242 1969 304 2018 qui
324 1968 518 2016 pecuniam
544 1969 592 2004 ob
612 1968 742 2004 delicta
767 1969 887 2015 potius
913 1967 1012 2004 dedit
1039 1979 1149 2015 quam
1173 1979 1219 2003 ne
1247 1967 1507 2016 delinquerent.

242 2038 348 2069 notos
384 2043 533 2079 quoque
565 2031 704 2079 equites
739 2031 933 2067 Romanos
966 2042 1097 2078 operas
1131 2042 1263 2066 arenae
1297 2031 1547 2078 promitteress

187 2110 225 2140 30
242 2094 384 2142 subegit
410 2094 516 2130 donis
535 2093 754 2141 ingentibus,
776 2094 843 2129 nisi
863 2093 963 2141 quod
987 2104 1127 2129 merces
1154 2094 1200 2129 ab
1221 2104 1276 2138 eo,
1297 2094 1358 2141 qui
1385 2094 1506 2130 iubere

241 2164 373 2206 potest,
394 2157 465 2192 vim
485 2157 708 2193 necessitatis
728 2156 852 2193 adfert.

292 2225 355 2257 15.
385 2219 442 2256 Ne
472 2226 595 2255 tamen
624 2219 743 2255 adbuc
773 2219 918 2266 publico
948 2219 1087 2254 theatro
1115 2218 1425 2263 dehonestaretur,
1453 2219 1505 2254 in-

241 2284 353 2320 stituit
381 2283 487 2319 ludos
517 2282 744 2318 Iuvenalium
777 2281 964 2324 vocabulo,
996 2282 1032 2316 in
1062 2293 1155 2328 quos
1186 2281 1322 2328 passim
1355 2281 1506 2316 nomina
