1791 2653
197 182 270 206 A.D.
291 168 360 220 58]
531 176 677 206 LIBER
704 175 809 206 XJJJ.
866 170 962 208 CAP.
982 169 1128 217 '45-49·

247 279 312 313 47.
343 275 532 312 Hactenus
553 275 654 312 Nero
675 276 819 328 flagitiis
844 282 880 313 et
906 276 1103 313 sceleribus
1130 276 1334 313 velamenta
1357 288 1461 324 quae-

196 339 286 375 sivit.
341 340 573 387 suspectabat
602 327 761 375 max-ime
792 339 1004 375 Cornelium
1036 339 1186 384 Sullam,
1215 351 1336 376 socors
1364 340 1463 387 inge-

195 402 296 438 nium
322 402 397 438 eius
422 403 459 438 in
487 402 710 439 contrarium
731 402 877 439 trahens
896 403 1142 451 callidumque
1163 410 1197 439 et
1216 391 1463 439 simulatorem

154 477 174 504 2
194 465 476 514 interpretando.
523 478 633 513 quem
653 472 791 502 metum
812 466 974 513 Graptus
988 479 1033 502 ex
1048 467 1184 503 libertis
1201 467 1378 511 Caesaris,
1395 478 1463 502 usu

194 535 229 565 et
256 536 402 566 senecta
431 528 583 568 Tiberio
612 529 775 577 abusque
809 529 961 565 domum
990 530 1197 578 principum
1223 530 1374 567 edoctus
1403 530 1462 565 tali
1481 542 1499 574 5

191 587 387 629 ¹mendacio
408 592 585 641 ¹intendit.
640 603 736 640 pons
766 591 926 629 Mulvius
962 593 999 628 in
1037 605 1081 629 eo
1110 600 1275 641 tempore
1314 592 1461 630 celebris
1490 592 1493 596 ”

154 691 157 697 ,
193 655 380 691 nocturnis
404 646 606 695 ,inlecebris
649 661 746 699 erat;
796 648 1064 703 ventitabatque
1110 656 1192 692 illuc
1235 655 1347 700 Nero,
1386 668 1460 704 quo

148 707 174 765 {3
193 719 341 756 solutius
369 718 496 754 urbem
524 725 626 754 extra
654 718 840 755 lasciviret.
896 719 1003 766 igitur
1032 719 1246 767 regredienti
1275 731 1340 767 per
1366 720 1459 755 viam

136 767 167 799 s
162 782 410 838 Flaminiam
455 782 680 829 compositas
720 782 867 818 insidias
908 782 1054 829 fatoque
1090 783 1248 827 evitatas,
1283 783 1458 830 quoniam

160 846 335 884 diverso
355 845 480 881 itinere
503 845 768 882 Sallustianos
760 858 795 881 in
810 845 936 882 hortos
956 846 1181 891 remeaverit,
1201 853 1458 893 auctoremque
1480 861 1518 882 ro

176 902 270 945 {eius
299 908 371 944 doli
401 908 539 945 Sullam
568 909 770 952 ementitur,
798 909 884 956 quia
912 908 1001 945 forte
1028 909 1261 945 redeuntibus
1288 909 1459 945 ministris

160 911 366 1019 ἓξρῑίηςίρίε
386 971 536 1019 quidam
562 984 627 1019 per
650 972 843 1008 iuvenilem
870 972 1064 1016 licentiam,
1092 984 1184 1020 quae
1210 979 1296 1008 tunc
1322 973 1457 1020 passim

111 836 123 859 Ι

191 1110 302 1146 quam
328 1109 446 1145 neque
473 1098 656 1134 clientium
684 1097 801 1134 Sullae
827 1098 1008 1145 adgnitus,
1030 1099 1258 1147 maximeque
1285 1072 1513 1146 despecta'''{
1554 1080 1562 1132 l

190 1167 226 1197 et
241 1161 369 1197 nullius
382 1161 459 1197 ausi
474 1173 591 1209 capax
606 1166 736 1209 natura
751 1162 825 1197 eius
841 1173 861 1197 a
877 1152 1027 1197 crimine
1042 1161 1276 1197 abhorrebat:
1305 1162 1456 1209 proinde
1478 1176 1513 1206 15

190 1230 313 1260 tamen
341 1225 445 1273 quasi
473 1225 659 1261 convictus
685 1231 788 1269 esset,
810 1224 938 1261 cedere
966 1225 1082 1272 patria
1109 1231 1143 1261 et
1171 1224 1455 1261 Massiliensium

191 1289 384 1324 moenibus
404 1289 562 1324 coerceri
581 1288 733 1325 iubetur.

240 1355 308 1389 48.
338 1351 461 1389 Isdem
498 1351 708 1388 consulibus
744 1351 886 1388 auditae
924 1351 1206 1388 Puteolanorum
1244 1352 1454 1400 legationes,

189 1426 280 1462 quas
307 1412 463 1451 diversas
489 1415 581 1451 ordo
601 1415 704 1463 plebs
724 1415 769 1450 ad
789 1422 955 1451 senatum
975 1415 1158 1460 miserant,
1177 1416 1225 1451 illi
1246 1416 1316 1461 vim
1337 1416 1455 1452 multi-

189 1477 333 1522 tudinis,
360 1477 396 1513 hi
422 1478 701 1524 magistratuum
729 1484 764 1514 et
792 1478 899 1526 primi
926 1478 1103 1526 cuiusque
1129 1466 1314 1515 avaritiam
1340 1479 1454 1515 incre·
1476 1492 1513 1513 20

149 1549 170 1576 2
188 1547 327 1588 pantes.
382 1552 498 1587 eaque
518 1540 646 1577 seditio
676 1540 722 1576 ad
743 1552 830 1576 saxa
849 1547 883 1576 et
903 1541 1022 1576 minas
1041 1541 1178 1587 ignium
1199 1553 1390 1589 progressa
1410 1554 1455 1578 ne

189 1603 338 1640 caedem
375 1609 410 1639 et
445 1615 545 1639 arma
572 1604 776 1651 proliceret,
806 1603 847 1640 C.
877 1602 1025 1639 Cassius
1054 1603 1264 1640 adhibendo
1292 1605 1454 1642 remedio

149 1676 169 1703 3
188 1666 359 1702 delectus.
406 1667 491 1714 quia
511 1667 737 1702 severitatem
757 1666 833 1702 eius
853 1678 929 1702 non
948 1667 1163 1712 tolerabant,
1184 1675 1353 1715 precante
1373 1669 1453 1716 ipso

187 1730 233 1766 ad
281 1729 492 1765 Scribonios
537 1729 661 1765 fratres
704 1741 747 1765 ea
791 1741 877 1765 cura
920 1729 1140 1773 transfertur,
1179 1730 1263 1766 data
1305 1718 1454 1767 cohorte

155 1787 160 1797 ³
187 1793 377 1841 praetoria,
408 1793 510 1828 cuius
539 1799 672 1829 terrore
701 1798 736 1828 et
772 1804 973 1840 paucorum
1001 1793 1182 1841 supplicio
1219 1794 1322 1830 rediit
1349 1796 1451 1842 oppi-
1473 1809 1509 1840 25

186 1855 291 1892 danis
316 1855 526 1891 concordia.

237 1922 306 1955 49.
338 1918 425 1954 Non
450 1919 622 1955 referrem
649 1918 941 1967 vulgarissimum
968 1926 1114 1958 senatus
1141 1921 1359 1966 consultum,
1380 1933 1452 1970 quo

187 1981 320 2018 civitati
337 1980 650 2029 Syracusanorum
666 1982 790 2029 egredi
810 1994 1005 2019 numerum
1025 1983 1177 2020 edendis
1192 1984 1452 2032 gladiatoribus

186 2044 327 2080 finitum
355 2045 640 2092 permittebatur,
669 2045 737 2081 nisi
776 2045 907 2082 Paetus
944 2046 1110 2083 Thrasea
1146 2055 1272 2084 contra
1308 2048 1453 2085 dixisset

186 2107 483 2155 praebuissetque
511 2108 699 2144 materiem
727 2108 1031 2145 obtrectatoribus
1063 2100 1272 2157 aig'uendae
1308 2117 1450 2147 senten-
1471 2127 1510 2157 30

147 2171 267 2209 2tiae.
321 2182 385 2215 cur
419 2171 527 2221 enim,
558 2170 592 2222 si
618 2167 705 2207 rem
718 2171 924 2218 publicam
952 2184 1058 2220 egere
1085 2173 1248 2210 libertate
1275 2176 1454 2212 senatoria

187 2232 355 2276 crederet,
376 2228 449 2267 tam
467 2228 565 2268 levia
579 2206 870 2268 consectaretur?
908 2233 996 2280 quin
1017 2235 1062 2270 (le
1087 2235 1181 2271 bello
1202 2242 1261 2272 aut
1285 2248 1385 2284 pace,
1407 2237 1452 2273 de

187 2295 419 2343 vectigalibus
443 2300 479 2331 et
504 2294 656 2343 legibus,
677 2296 881 2344 quibusque
906 2296 1064 2349 aliis'res
1090 2297 1263 2335 Romana
1288 2300 1452 2337 contine-
1484 2300 1487 2303 ’

151 1046 173 1073 4
191 1035 436 1079 exercebatur,
457 1035 605 1071 inanem
626 1042 764 1071 metum
783 1035 953 1071 fecerant.
1016 1047 1135 1082 neque
1158 1047 1341 1072 servorum
1362 1037 1457 1083 quis·
1490 1032 1659 1105 j)ss;-=-‘
1681 1028 1684 1034 ’
