1674 2653
533 203 763 234 CORNELII
793 205 957 234 TAClTl
982 206 1249 236 ANNALJUM
1301 198 1435 250 [A.U.C.
1458 209 1528 238 818.

252 303 350 338 illum
386 302 463 339 Iovi
495 303 690 339 liberatori.
745 304 844 340 exim
878 304 1011 341 balneo
1044 305 1177 342 inlatus
1207 313 1242 342 et
1276 318 1412 354 vapore
1453 308 1567 350 eius5

251 367 494 412 exanimatus,
513 367 590 403 sine
611 367 686 403 ullo
708 367 841 403 funeris
857 368 1026 404 sollemni
1046 376 1237 406 crematur.
1285 371 1332 406 ita
1353 371 1528 408 codicillis
1546 385 1568 413 6

251 431 543 478 praescripserat,
557 442 640 466 cum
656 430 766 466 etiam
780 436 856 466 tum
868 430 1058 478 praedives
1070 438 1105 468 et
1116 438 1338 481 praepotens
1351 435 1527 482 supremis

252 493 326 529 suis
346 494 563 530 consuleret.

215 570 232 601 5
306 562 370 593 65.
403 556 518 593 Fama
537 558 602 593 suit
624 557 795 593 Subrium
816 557 966 594 Flavum
989 570 1074 594 cum
1090 559 1365 597 centurionibus
1385 561 1529 598 occulto

252 620 419 665 consilio,
440 632 563 669 neque
584 627 709 657 tamen
729 621 922 668 ignorante
941 621 1094 667 Seneca,
1117 622 1366 669 destinavisse,
1387 631 1426 660 ut
1445 631 1529 672 post

251 684 414 720 occisum
443 696 558 732 opera
583 683 729 720 Pisonis
758 683 950 720 Neronem
980 684 1065 721 Piso
1092 697 1242 733 quoque
1269 687 1529 724 interficeretur

253 747 524 796 tradereturque
544 747 740 795 imperium
762 746 934 792 Senecae,
956 748 1060 795 quasi
1088 748 1294 786 insontibus
1314 749 1529 786 claritudine

252 810 420 846 virtutum
440 810 487 846 ad
508 822 693 846 summum
721 810 906 858 fastigium
927 810 1078 848 delecto.
1134 813 1224 859 quin
1243 819 1279 849 et
1298 814 1410 849 verba
1429 813 1528 849 Flavi
1546 823 1566 850 2

196 887 234 908 10
251 874 503 921 vulgabantur,
526 886 603 910 non
623 873 755 910 referre
775 873 958 918 dedecori,
977 875 1006 910 si
1022 874 1256 911 citharoedus
1277 876 1529 913 demoveretur

251 943 286 973 et
305 937 502 984 tragoedus
526 937 752 981 succederet,
772 936 857 985 quia
877 942 916 973 ut
930 936 1033 974 Nero
1052 937 1203 983 cithara,
1218 939 1267 975 ita
1288 938 1373 976 Piso
1389 940 1528 987 tragico

252 1007 380 1036 ornatu
403 1001 571 1036 canebat.

305 1069 370 1101 66.
401 1064 576 1100 Ceterum
597 1064 762 1102 militaris
781 1076 931 1112 quoque
952 1065 1176 1112 conspiratio
1194 1077 1271 1102 non
1287 1065 1378 1102 ultra
1394 1066 1528 1112 fefellit,

250 1127 414 1164 accensis
449 1128 632 1164 indicibus
665 1128 712 1164 ad
744 1128 975 1175 prodendum
1015 1127 1192 1164 Faenium
1233 1128 1380 1174 Rufum,
1418 1142 1528 1178 quem

195 1205 232 1236 15
251 1191 410 1227 eundem
449 1191 640 1227 conscium
677 1197 713 1228 et
750 1191 1004 1239 inquisitorem
1042 1203 1118 1227 non
1156 1192 1372 1229 tolerabant.
1438 1205 1527 1240 ergo
1546 1203 1566 1230 2

250 1255 399 1291 instanti
425 1254 675 1303 minitantique
702 1255 874 1291 renidens
905 1254 1104 1291 Scaevinus
1133 1256 1319 1291 neminem
1349 1256 1396 1292 ait
1425 1256 1527 1304 plura

251 1318 341 1354 scire
379 1329 491 1366 quam
529 1319 662 1366 ipsum,
700 1318 940 1365 hortaturque
978 1318 1074 1353 ultro
1110 1318 1278 1354 redderet
1315 1325 1389 1354 tam
1427 1320 1527 1355 bono

251 1381 407 1429 principi
426 1382 552 1418 vicem.
601 1393 678 1417 non
698 1393 769 1417 vox
790 1381 982 1417 adversum
1003 1393 1047 1417 ea
1068 1380 1218 1426 Faenio,
1232 1393 1309 1417 non
1330 1382 1525 1426 silentium,
1546 1391 1566 1418 3

251 1445 315 1481 sed
341 1446 450 1481 verba
478 1457 543 1481 sua
566 1445 807 1492 praepediens
837 1450 872 1480 et
901 1444 1046 1492 pavoris
1073 1444 1296 1488 manifestus,
1327 1446 1527 1493 ceterisque

196 1522 235 1543 20
252 1514 286 1544 et
313 1508 474 1544 maxime
495 1508 669 1544 Cervario
697 1507 855 1544 Proculo
882 1508 1004 1555 equite
1032 1507 1206 1544 Romano
1233 1508 1280 1544 ad
1307 1509 1526 1544 convincen-

252 1572 340 1608 dum
359 1583 445 1608 eum
471 1572 618 1616 c'onisis,
645 1572 744 1608 iussu
774 1571 1006 1619 imperatoris
1035 1583 1057 1607 a
1082 1570 1211 1607 Cassio
1238 1571 1360 1615 milite,
1388 1572 1451 1619 qui
1477 1572 1527 1608 ob

250 1635 393 1682 insigne
414 1635 577 1683 corporis
597 1636 706 1671 robur
726 1635 904 1677 adstabat,
926 1635 1120 1682 corripitur
1140 1635 1377 1681 vinciturque.

304 1703 367 1737 67.
397 1697 490 1734 Mox
517 1699 721 1734 eorundem
745 1697 882 1734 indicio
912 1697 1063 1733 Subrius
1091 1697 1222 1733 Flavus
1251 1698 1417 1733 tribunus
1445 1710 1526 1745 per-

251 1763 410 1807 vertitur,
458 1762 577 1808 primo
624 1761 957 1798 dissimilitudinem
997 1772 1143 1796 morum
1186 1760 1233 1796 ad
1275 1760 1527 1797 defensionem

197 1836 233 1867 25
252 1826 408 1869 trahens,
443 1837 562 1872 neque
595 1837 632 1861 se
664 1831 845 1860 armatum
879 1835 963 1860 cum
1003 1823 1202 1859 inermibus
1239 1829 1274 1860 et
1311 1823 1526 1859 effeminatis

252 1896 393 1925 tanturn
422 1887 562 1924 facinus
590 1888 910 1930 consociaturum;
945 1886 1040 1931 dein,
1071 1893 1269 1934 postquam
1293 1887 1526 1934 urguebatur,

251 1952 493 1989 consessionis
521 1951 676 1999 gloriam
707 1950 911 1999 amplexus.
968 1950 1286 1998 interrogatusque
1316 1962 1337 1985 a
1365 1949 1525 1994 Nerone,
1546 1959 1566 1986 2

252 2017 385 2064 quibus
405 2014 527 2051 causis
546 2015 593 2050 ad
614 2014 836 2051 oblivionem
850 2013 1071 2050 sacramenti
1085 2014 1336 2060 processisset,
1354 2016 1362 2031 ‘
1375 2013 1527 2049 oderam

252 2088 286 2115 te
302 2080 311 2097 ’
331 2080 458 2127 inquit,
479 2080 569 2114 ‘nec
587 2078 782 2125 quisquam
802 2077 866 2113 tibi
886 2076 1029 2112 fidelior
1047 2076 1203 2111 militum
1222 2075 1297 2120 fuit,
1312 2076 1401 2111 dum
1415 2077 1528 2112 amari

196 2154 235 2184 30
253 2143 425 2180 meruisti.
480 2142 600 2179 odisse
626 2141 743 2188 coepi,
764 2148 961 2188 postquam
986 2139 1167 2187 parricida
1192 2139 1319 2175 matris
1339 2145 1373 2175 et
1393 2140 1525 2186 uxoris,
1545 2148 1565 2175 3

253 2206 381 2252 auriga
400 2212 435 2241 et
459 2204 585 2241 histrio
611 2210 646 2239 et
666 2203 912 2239 incendiarius
938 2201 1108 2237 extitisti!
1163 2202 1244 2248 ipsa
1270 2201 1388 2237 rettuli
1407 2203 1526 2247 verba,
1545 2210 1568 2238 4

254 2271 339 2318 quia
358 2282 445 2313 non,
464 2275 504 2304 ut
528 2268 700 2311 Senecae,
720 2267 866 2313 vulgata
886 2273 1001 2309 erant,
1021 2277 1090 2301 nec
1114 2265 1234 2300 minus
1254 2265 1357 2301 nosci
1377 2265 1528 2302 decebat

253 2332 420 2368 militaris
439 2331 504 2366 viri
524 2341 651 2367 sensus
671 2329 880 2376 incomptos
899 2337 933 2364 et
954 2327 1103 2364 validos.
1161 2327 1249 2363 nihil
1268 2327 1304 2362 in
1324 2327 1383 2364 illa
1402 2329 1527 2364 coniu-
1543 2336 1566 2364 5
