1674 2653
128 163 198 188 Aa).
218 148 288 201 59·]
490 155 633 185 LIBER
662 156 759 185 XIV.
817 156 913 186 CAP.
934 152 1015 196 6-9.

127 264 240 306 parat,
267 257 519 305 gladiumque,
547 256 635 292 dum
667 256 839 292 mandata
868 256 1011 304 perfert,
1037 257 1147 293 abicit
1175 257 1265 293 inter
1294 256 1407 304 pedes

125 321 215 365 eius,
249 327 326 356 turn
364 321 467 368 quasi
501 319 731 367 deprehenso
763 320 883 356 vincla
920 320 1004 356 inici
1042 321 1149 363 iubet,
1183 326 1222 355 ut
1254 319 1406 355 exitium

126 384 300 432 principis
342 383 509 419 molitam
551 389 703 418 matrem
745 391 780 418 et
826 383 968 430 pudore
1011 383 1225 431 deprehensi
1264 382 1407 419 sceleris

126 453 255 495 sponte
284 453 439 482 mortem
471 446 671 493 sumpsisse
700 446 940 493 confingeret.

179 514 218 547 8.
242 509 393 546 Interim
421 509 570 557 vulgato
599 509 828 556 Agrippinae
859 509 1022 556 periculo
1051 510 1154 558 quasi
1184 522 1270 546 casu
1298 522 1405 545 even·
1425 519 1442 551 5

86 580 107 607 2
126 573 222 619 isset,
251 580 292 609 ut
321 573 476 621 quisque
507 579 710 620 acceperat,
742 572 935 609 decurrere
966 573 1012 609 ad
1041 573 1134 609 litus.
1188 573 1225 608 hi
1253 573 1407 608 molium

125 637 300 681 obiectus,
318 635 353 671 hi
370 636 556 683 proximas
573 635 728 683 scaphas
747 636 943 681 scandere;
979 636 1050 680 alii,
1072 643 1251 683 quantum
1272 647 1406 683 corpus

126 701 278 745 sinebat,
324 699 457 736 vadere
508 699 546 734 in
599 711 722 744 mare;
780 699 931 747 quidam
984 711 1116 736 manus
1167 699 1405 747 protendere;

125 764 321 812 questibus,
362 763 464 807 votis,
504 762 666 798 clamore
706 762 848 798 diversa
889 762 1126 809 rogitantium
1169 769 1232 799 aut
1270 762 1407 799 incerta

125 826 423 875 respondentium
439 826 559 862 omnis
575 837 639 862 ora
654 825 852 873 compleri;
886 825 1046 861 adfluere
1062 826 1194 873 ingens
1214 825 1406 862 multitudo
1427 835 1464 856 10

125 901 210 926 cum
239 889 449 933 luminibus,
478 895 586 935 atque
616 889 677 925 ubi
706 888 930 925 incolumem
959 900 1039 924 esse
1068 889 1262 936 pernotuit,
1291 895 1330 923 ut
1358 889 1406 924 ad

124 952 343 1000 gratandum
368 963 447 987 sese
472 951 655 999 expedire,
676 952 797 988 donec
818 958 969 999 aspectu
994 952 1123 987 armati
1144 958 1179 988 et
1205 951 1405 987 minitantis

83 1031 103 1059 3
125 1015 280 1062 agminis
317 1014 458 1050 disiecti
492 1021 586 1052 sunt.
642 1015 821 1051 Anicetus
852 1014 973 1050 villam
1012 1015 1166 1051 statione
1203 1015 1406 1051 circumdat

123 1078 349 1126 refractaque
382 1078 491 1114 ianua
521 1079 650 1114 obvios
684 1090 872 1114 servorum
903 1078 1046 1125 abripit,
1078 1077 1199 1114 donec
1230 1077 1277 1113 ad
1310 1077 1404 1113 fores

125 1141 283 1177 cubiculi
310 1140 469 1185 veniret3
500 1142 558 1176 cui
586 1141 693 1188 pauci
721 1141 926 1185 adstabant,
951 1141 1078 1177 ceteris
1106 1147 1241 1176 terrore
1267 1141 1402 1176 inrum·
1425 1149 1459 1180 15

82 1219 105 1247 4
124 1205 289 1252 pentium
334 1204 521 1240 exterritis.
577 1204 747 1241 cubiculo
793 1204 981 1240 modicum
1028 1204 1152 1239 lumen
1205 1204 1319 1240 inerat
1368 1210 1404 1240 et

123 1267 334 1304 ancillarum
353 1278 440 1311 una,
459 1267 575 1314 magis
599 1279 641 1303 ac
660 1268 779 1315 magis
800 1267 909 1303 anxia
934 1267 1150 1314 Agrippina,
1173 1266 1273 1314 quod
1293 1278 1402 1303 nemo

123 1343 144 1367 a
164 1330 236 1367 filio
261 1343 303 1367 ac
323 1342 370 1367 ne
389 1331 573 1378 Agerinus
597 1331 766 1378 quidem:
803 1331 913 1366 aliam
939 1331 1015 1367 sore
1042 1330 1157 1366 laetae
1178 1330 1227 1365 rei
1248 1329 1401 1374 faciem;

123 1405 221 1430 nunc
253 1393 487 1429 solitudinem
524 1405 567 1429 ac
601 1394 814 1441 repentinos
854 1394 1024 1441 strepitus
1061 1399 1096 1429 et
1132 1392 1284 1428 extremi
1316 1392 1401 1428 mali

80 1456 267 1500 5indicia.
321 1456 479 1492 abeunte
519 1455 650 1492 dehinc
690 1456 820 1492 ancilla
853 1459 915 1491 ‘tu
954 1466 1103 1502 quoque
1144 1467 1204 1491 me
1243 1455 1459 1491 deseris'zo

123 1519 311 1568 prolocuta
333 1519 478 1566 respicit
503 1518 711 1563 Anicetum,
733 1518 930 1556 trierarcho
958 1518 1159 1554 Herculeio
1185 1524 1219 1554 et
1246 1517 1400 1555 Obarito

123 1583 334 1619 centurione
350 1582 536 1618 classiario
557 1583 771 1618 comitatum
790 1596 796 1619 :
828 1594 881 1626 ac,
908 1582 936 1617 si
956 1581 1002 1617 ad
1022 1582 1214 1617 visendum
1234 1581 1401 1626 venisset,

123 1646 277 1682 refotam
309 1646 502 1689 nuntiaret,
536 1646 591 1681 sin
624 1646 764 1682 facinus
801 1651 1017 1693 patraturus,
1051 1644 1137 1680 nihil
1175 1657 1213 1680 se
1250 1645 1295 1680 de
1328 1644 1400 1680 filio

87 1709 292 1753 ecredere;
327 1721 402 1744 non
425 1708 642 1755 imperatum
670 1709 913 1756 parricidium.
971 1708 1240 1744 circumsistunt
1266 1707 1400 1743 lectum

123 1783 354 1820 percussores
391 1778 426 1807 et
462 1772 562 1819 prior
604 1772 818 1808 trierarchus
857 1771 939 1807 fusti
978 1777 1090 1818 caput
1132 1771 1210 1806 eius
1249 1770 1455 1810 adflixit.25

122 1835 195 1870 iam
229 1835 264 1870 in
298 1840 456 1870 mortem
491 1835 692 1870 centurioni
727 1836 863 1870 ierrum
901 1834 1141 1881 destringenti
1175 1834 1400 1881 protendens

122 1905 265 1933 uterum
313 1899 498 1932 ‘ventrem
547 1894 632 1932 feri'
680 1897 893 1933 exclamavit
946 1896 1141 1944 multisque
1191 1896 1399 1933 vulneribus

122 1960 288 1997 confecta
316 1966 380 1995 est.

177 2028 214 2061 9.
244 2023 350 2059 Haec
376 2034 557 2058 consensu
579 2022 794 2074 produntur.
850 2023 1079 2070 aspexeritne
1100 2029 1254 2059 matrem
1274 2024 1398 2060 exani-

122 2098 220 2122 mem
258 2085 360 2122 Nero
396 2091 432 2121 et
470 2085 626 2121 formam
664 2085 826 2132 corporis
863 2086 939 2121 eius
976 2085 1184 2130 laudaverit,
1219 2093 1303 2123 sunt
1336 2087 1395 2134 qui
1417 2094 1454 2124 50

83 2148 342 2192 2tradiderint,
380 2154 464 2184 sunt
501 2149 562 2195 qui
599 2148 775 2183 abnuant.
831 2154 991 2184 cremata
1029 2154 1084 2184 est
1122 2156 1230 2185 nocte
1267 2151 1396 2186 eadem

122 2211 300 2247 convivali
322 2211 415 2247 lecto
434 2217 469 2246 et
495 2211 679 2258 exsequiis
698 2211 849 2256 vilibus,
882 2223 1013 2259 neque,
1035 2211 1122 2247 dum
1151 2212 1250 2249 Nero
1275 2225 1396 2249 rerum

83 2287 103 2314 3
122 2274 336 2322 potiebatur,
357 2280 532 2321 congesta
561 2280 621 2309 aut
647 2273 769 2310 clausa
796 2273 938 2309 humus.
994 2285 1081 2310 mox
1108 2275 1396 2313 domesticorum

1154 2338 1173 2362 F
