1674 2653
153 190 318 244 A.n.66.]
485 194 631 228 LIBER
658 196 756 228 XVI.
816 198 910 228 cAF.
944 193 1080 229 12—16.

114 313 137 341 4
155 312 310 348 eamque
338 311 489 337 causam
515 299 636 335 multis
663 299 774 334 exitio
799 311 891 335 esse.
948 299 1056 346 igitur
1085 298 1297 346 interceptis
1322 296 1433 334 Antei

153 363 288 407 litteris,
323 363 460 400 furatus
498 363 608 398 etiam
655 362 808 408 libellos,
849 363 981 411 quibus
1019 363 1096 398 dies
1142 361 1311 410 genitalis
1356 361 1433 397 eius

151 433 187 463 et
212 433 387 463 eventura
413 427 561 462 secretis
589 426 802 462 Pammenis
829 426 1119 469 occultabantur,
1149 424 1256 461 simul
1282 425 1432 473 repertis

151 502 247 539 quae
267 490 313 526 de
331 496 412 526 ortu
434 490 578 538 vitaque
599 489 737 526 Ostorii
759 488 938 537 Scapulae
955 489 1162 537 composita
1178 495 1292 533 erant,
1310 488 1433 524 scribit

152 554 199 589 ad
220 553 421 601 principem
442 565 579 601 magna
599 564 638 589 se
658 560 693 589 et
713 565 807 600 quae
827 553 1067 589 incolumitati
1088 553 1164 588 eius
1185 552 1432 588 conducerent
1451 567 1469 600 5

152 616 369 662 adlaturum,
400 617 430 653 si
469 617 615 653 brevem
654 617 749 652 exilii
788 617 930 653 veniam
970 617 1246 664 inpetravisset:
1294 616 1432 664 quippe

152 680 326 716 Anteium
358 688 394 717 et
432 681 622 718 Ostorium
659 681 839 717 inminere
878 681 985 717 rebus
1022 686 1058 717 et
1091 692 1157 716 sua
1190 680 1432 727 Caesarisque

112 755 133 783 5
154 743 224 780 sata
252 744 414 781 scrutari.
470 745 568 780 exim
595 745 729 781 missae
759 745 959 781 liburnicae
988 743 1250 792 advehiturque
1278 755 1432 791 propere

154 807 341 845 Sosianus.
396 820 438 844 ac
477 809 624 855 vulgato
663 809 741 845 eius
778 808 913 844 indicio
951 808 1044 844 inter
1082 807 1276 843 damnatos
1313 807 1432 853 magis

153 883 267 920 quam
304 872 396 908 inter
434 883 514 908 reos
543 872 700 908 Anteius
731 871 971 920 Ostoriusque
1002 872 1241 915 habebantur,
1272 870 1365 907 adeo
1396 876 1432 905 ut
1453 884 1490 906 10

153 941 415 971 testamentum
443 935 552 971 Antei
581 947 692 972 nemo
722 936 943 983 obsignaret‚
975 935 1044 971 nisi
1073 935 1278 983 Tigellinus
1307 941 1433 970 auctor

152 999 337 1042 extitisset,
359 999 501 1035 monito
522 999 622 1047 prius
639 999 773 1035 Anteio
788 1011 834 1035 ne
856 1010 1046 1046 supremas
1059 998 1203 1035 tabulas
1218 1005 1432 1034 moraretur.

110 1072 133 1100 6
154 1069 262 1109 atque
301 1062 357 1098 ille
386 1061 517 1098 hausto
547 1074 700 1107 veneno,
732 1062 939 1099 tarditatem
971 1063 1048 1099 eius
1077 1074 1230 1110 perosus
1257 1062 1433 1098 intercisis

153 1125 254 1161 venis
274 1131 427 1161 mortem
447 1126 715 1174 adproperavit.

205 1192 267 1226 15.
299 1189 465 1226 Ostorius
494 1189 705 1237 longinquis
734 1191 771 1225 in
801 1191 898 1237 agris
928 1189 1025 1237 apud
1051 1189 1163 1226 finem
1190 1188 1368 1236 Ligurum
1395 1188 1431 1225 id
1452 1202 1488 1234 15

154 1253 330 1301 temporis
359 1258 443 1288 erat.
500 1265 545 1289 eo
575 1254 708 1289 missus
737 1256 910 1298 centurio,
939 1254 1000 1300 qui
1030 1254 1181 1290 caedem
1210 1254 1287 1289 eius
1316 1259 1432 1288 matu-

108 1327 129 1354 2
155 1304 260 1353 raret.
316 1328 426 1352 causa
446 1316 640 1352 festinandi
660 1328 705 1352 ex
726 1329 771 1353 eo
792 1317 987 1361 oriebatur,
1008 1317 1109 1366 quod
1130 1308 1299 1353 Ostorius
1319 1317 1432 1352 multa

152 1381 297 1417 militari
323 1380 421 1416 sama
446 1387 482 1416 et
506 1380 658 1416 civicam
686 1392 865 1416 coronam
892 1380 990 1428 apud
1019 1380 1242 1417 Britanniam
1270 1380 1430 1422 meritus,

153 1445 292 1492 ingenti
312 1444 475 1492 corporis
500 1444 631 1480 robore
657 1455 921 1492 armorumque
949 1444 1101 1480 scientia
1123 1452 1265 1480 metum
1292 1443 1431 1479 Neroni

154 1505 299 1549 fecerat,
320 1517 367 1541 ne
387 1505 574 1541 invaderet
594 1504 769 1552 pavidum
798 1516 944 1551 semper
971 1511 1005 1540 et
1031 1512 1175 1552 reperta
1201 1517 1318 1552 nuper
1343 1516 1430 1540 con-
1452 1519 1490 1540 20

115 1579 135 1608 3
154 1569 333 1605 iuratione
353 1569 471 1616 magis
491 1568 713 1604 exterritum.
769 1568 875 1614 igitur
895 1568 1071 1613 centurio,
1093 1569 1155 1604 ubi
1175 1569 1309 1616 effugia
1330 1568 1431 1604 villae

113 1643 136 1670 4
155 1632 295 1676 clausit,
315 1632 412 1668 iussa
425 1632 654 1679 imperatoris
675 1631 825 1667 Ostorio
841 1632 968 1678 aperit.
1011 1632 1040 1667 is
1056 1631 1304 1668 fortitudinem
1322 1643 1431 1679 saepe

154 1696 346 1732 adversum
367 1695 491 1732 hostes
511 1702 714 1743 spectatam
734 1694 772 1730 in
792 1706 830 1731 se
852 1695 975 1731 vertit:
1007 1701 1042 1731 et
1067 1696 1153 1742 quia
1172 1708 1285 1732 venae
1305 1707 1432 1743 quam·

155 1771 267 1807 quam
305 1760 525 1807 interruptae
564 1770 694 1806 parum
732 1758 922 1806 sanguinis
968 1758 1216 1803 effundebant,
1255 1759 1432 1794 hactenus

154 1834 266 1859 manu
292 1823 385 1859 servi
411 1834 511 1866 usus,
530 1829 570 1858 ut
595 1822 777 1858 inmotum
797 1822 1000 1870 pugionem
1028 1822 1228 1867 extolleret,
1255 1822 1431 1870 adpressit
1453 1835 1489 1866 25

154 1886 319 1922 dextram
339 1887 418 1922 eius
437 1885 638 1934 iuguloque
661 1886 829 1922 occurrit.

207 1954 267 1987 16.
296 1949 418 1985 Etiam
438 1950 468 1985 si
491 1949 587 1985 bella
606 1956 761 1985 externa
787 1955 823 1985 et
850 1950 968 1986 obitas
988 1963 1054 1998 pro
1070 1963 1106 1987 re
1128 1948 1276 1999 publica
1295 1959 1432 1988 mortes

154 2019 255 2049 tanta
283 2025 436 2049 casuum
463 2012 698 2048 similitudine
726 2024 983 2057 memorarem,
1013 2026 1147 2062 meque
1175 2016 1296 2062 ipsum
1326 2016 1434 2052 satias

156 2077 314 2124 cepisset
339 2077 570 2124 aliorumque
590 2076 749 2112 taedium
770 2084 1035 2124 exspectarem,
1062 2079 1231 2125 quamvis
1257 2079 1433 2115 honestos

117 2147 138 2175 2
156 2140 288 2176 civium
317 2140 447 2184 exitus,
478 2140 595 2175 tristes
623 2146 747 2175 tamen
775 2147 809 2175 et
835 2140 1030 2176 continuos
1057 2142 1357 2188 aspernantium:
1397 2147 1433 2177 at
1452 2152 1492 2182 3ο

158 2215 256 2239 nunc
282 2203 457 2251 patientia
485 2202 621 2239 servilis
651 2209 867 2250 tantumque
898 2204 1085 2250 sanguinis
1123 2205 1223 2240 domi
1254 2206 1433 2253 perditum

157 2267 310 2314 fatigant
356 2267 522 2303 animum
568 2272 603 2302 et
645 2267 825 2302 maestitia
871 2267 1103 2316 restringunt.
1159 2279 1278 2315 neque
1324 2269 1432 2304 aliam

158 2330 411 2367 defensionem
431 2330 476 2366 ab
497 2330 539 2365 iis
559 2329 691 2378 quibus
716 2329 783 2365 ista
810 2335 1011 2365 noscentur
1033 2331 1229 2377 exegerim,
1249 2343 1361 2379 quam
1387 2343 1435 2369 ne
