<?xml version="1.0" encoding="UTF-8"?>
<!DOCTYPE html PUBLIC "-//W3C//DTD XHTML 1.0 Transitional//EN"
    "http://www.w3.org/TR/xhtml1/DTD/xhtml1-transitional.dtd">
<html xmlns="http://www.w3.org/1999/xhtml" xml:lang="en" lang="en">
 <head>
  <title>
</title>
<meta http-equiv="Content-Type" content="text/html;charset=utf-8" />
  <meta name='ocr-system' content='tesseract 3.04.00' />
  <meta name='ocr-capabilities' content='ocr_page ocr_carea ocr_par ocr_line ocrx_word'/>
</head>
<body>
  <div class='ocr_page' id='page_1' title='image "./cornellitacitian00taci_0064.png"; bbox 0 0 1776 2653; ppageno 0'>
   <div class='ocr_carea' id='block_1_1' title="bbox 565 163 1551 216">
    <p class='ocr_par' dir='ltr' id='par_1_1' title="bbox 565 163 1551 216">
     <span class='ocr_line' id='line_1_1' title="bbox 565 163 1551 216; baseline 0 -13"><span class='ocrx_word' id='word_1_1' title='bbox 565 172 794 203; x_wconf 76' lang='lat' dir='ltr'><em>CORNELII</em></span> <span class='ocrx_word' id='word_1_2' title='bbox 823 171 879 202; x_wconf 65' lang='lat' dir='ltr'>TZ</span> <span class='ocrx_word' id='word_1_3' title='bbox 887 172 987 203; x_wconf 86' lang='lat' dir='ltr'><em>CITI</em></span> <span class='ocrx_word' id='word_1_4' title='bbox 1010 172 1278 203; x_wconf 78' lang='lat' dir='ltr'><em>ANNALJUM</em></span> <span class='ocrx_word' id='word_1_5' title='bbox 1326 163 1458 216; x_wconf 76' lang='lat' dir='ltr'>[A.U.C.</span> <span class='ocrx_word' id='word_1_6' title='bbox 1478 172 1551 203; x_wconf 87' lang='lat'>810.</span> 
     </span>
    </p>
   </div>
   <div class='ocr_carea' id='block_1_2' title="bbox 211 270 1657 2334">
    <p class='ocr_par' dir='ltr' id='par_1_2' title="bbox 211 270 1657 941">
     <span class='ocr_line' id='line_1_2' title="bbox 278 270 1551 320; baseline -0.003 -12"><span class='ocrx_word' id='word_1_7' title='bbox 278 270 417 315; x_wconf 92' lang='lat' dir='ltr'>consul,</span> <span class='ocrx_word' id='word_1_8' title='bbox 437 283 482 307; x_wconf 86' lang='lat' dir='ltr'>ne</span> <span class='ocrx_word' id='word_1_9' title='bbox 503 271 589 318; x_wconf 92' lang='lat' dir='ltr'>quid</span> <span class='ocrx_word' id='word_1_10' title='bbox 614 271 709 320; x_wconf 54' lang='lat' dir='ltr'>intra</span> <span class='ocrx_word' id='word_1_11' title='bbox 729 271 881 307; x_wconf 89' lang='lat' dir='ltr'>domum</span> <span class='ocrx_word' id='word_1_12' title='bbox 907 282 974 318; x_wconf 89' lang='lat' dir='ltr'>pro</span> <span class='ocrx_word' id='word_1_13' title='bbox 1001 277 1179 319; x_wconf 74' lang='lat' dir='ltr'>potestate</span> <span class='ocrx_word' id='word_1_14' title='bbox 1203 270 1439 314; x_wconf 79' lang='lat' dir='ltr'>adverterent,</span> <span class='ocrx_word' id='word_1_15' title='bbox 1461 281 1551 305; x_wconf 86' lang='lat' dir='ltr'>neve</span> 
     </span>
     <span class='ocr_line' id='line_1_3' title="bbox 279 324 1617 384; baseline -0.001 -14"><span class='ocrx_word' id='word_1_16' title='bbox 279 334 430 370; x_wconf 87' lang='lat' dir='ltr'>multam</span> <span class='ocrx_word' id='word_1_17' title='bbox 453 336 500 370; x_wconf 86' lang='lat' dir='ltr'>ab</span> <span class='ocrx_word' id='word_1_18' title='bbox 529 334 571 370; x_wconf 90' lang='lat' dir='ltr'>iis</span> <span class='ocrx_word' id='word_1_19' title='bbox 599 324 735 380; x_wconf 61' lang='lat' dir='ltr'>dictam</span> <span class='ocrx_word' id='word_1_20' title='bbox 761 341 975 382; x_wconf 75' lang='lat' dir='ltr'>quaestores</span> <span class='ocrx_word' id='word_1_21' title='bbox 1004 335 1131 370; x_wconf 86' lang='lat' dir='ltr'>aerarii</span> <span class='ocrx_word' id='word_1_22' title='bbox 1161 334 1198 369; x_wconf 89' lang='lat' dir='ltr'>in</span> <span class='ocrx_word' id='word_1_23' title='bbox 1224 334 1389 381; x_wconf 85' lang='lat' dir='ltr'>publicas</span> <span class='ocrx_word' id='word_1_24' title='bbox 1412 334 1498 369; x_wconf 86' lang='lat' dir='ltr'>tabu</span> <span class='ocrx_word' id='word_1_25' title='bbox 1513 345 1552 384; x_wconf 74' lang='lat' dir='ltr'>as</span> <span class='ocrx_word' id='word_1_26' title='bbox 1614 379 1617 382; x_wconf 27' lang='grc' dir='ltr'>Ι</span> 
     </span>
     <span class='ocr_line' id='line_1_4' title="bbox 279 387 1657 445; baseline -0.001 -12"><span class='ocrx_word' id='word_1_27' title='bbox 279 404 361 434; x_wconf 86' lang='lat' dir='ltr'>ante</span> <span class='ocrx_word' id='word_1_28' title='bbox 402 404 573 445; x_wconf 88' lang='lat' dir='ltr'>quattuor</span> <span class='ocrx_word' id='word_1_29' title='bbox 614 409 761 433; x_wconf 88' lang='lat' dir='ltr'>menses</span> <span class='ocrx_word' id='word_1_30' title='bbox 804 397 1001 442; x_wconf 80' lang='lat' dir='ltr'>reserrent3</span> <span class='ocrx_word' id='word_1_31' title='bbox 1047 398 1170 433; x_wconf 80' lang='lat' dir='ltr'>medio</span> <span class='ocrx_word' id='word_1_32' title='bbox 1215 397 1389 444; x_wconf 82' lang='lat' dir='ltr'>temporis</span> <span class='ocrx_word' id='word_1_33' title='bbox 1426 389 1470 432; x_wconf 83' lang='lat' dir='ltr'>co</span> <span class='ocrx_word' id='word_1_34' title='bbox 1497 387 1612 433; x_wconf 55' lang='lat' dir='ltr'>‘iffi</span> <span class='ocrx_word' id='word_1_35' title='bbox 1650 387 1657 403; x_wconf 55' lang='lat'><strong>²</strong></span> 
     </span>
     <span class='ocr_line' id='line_1_5' title="bbox 280 459 1592 509; baseline -0.002 -12"><span class='ocrx_word' id='word_1_36' title='bbox 280 461 398 497; x_wconf 82' lang='lat' dir='ltr'><strong>dicere</strong></span> <span class='ocrx_word' id='word_1_37' title='bbox 426 461 560 504; x_wconf 88' lang='lat' dir='ltr'>liceret,</span> <span class='ocrx_word' id='word_1_38' title='bbox 582 460 701 509; x_wconf 87' lang='lat' dir='ltr'>deque</span> <span class='ocrx_word' id='word_1_39' title='bbox 723 472 768 506; x_wconf 84' lang='lat' dir='ltr'>eo</span> <span class='ocrx_word' id='word_1_40' title='bbox 794 461 965 497; x_wconf 88' lang='lat' dir='ltr'>consules</span> <span class='ocrx_word' id='word_1_41' title='bbox 993 467 1200 497; x_wconf 78' lang='lat' dir='ltr'>statuerent.</span> <span class='ocrx_word' id='word_1_42' title='bbox 1256 460 1414 496; x_wconf 90' lang='lat' dir='ltr'>cohibita</span> <span class='ocrx_word' id='word_1_43' title='bbox 1442 459 1592 495; x_wconf 87' lang='lat' dir='ltr'>artius4</span> 
     </span>
     <span class='ocr_line' id='line_1_6' title="bbox 244 522 1552 572; baseline -0.002 -13"><span class='ocrx_word' id='word_1_44' title='bbox 244 535 261 565; x_wconf 91' lang='lat'>5</span> <span class='ocrx_word' id='word_1_45' title='bbox 280 530 315 559; x_wconf 88' lang='lat' dir='ltr'>et</span> <span class='ocrx_word' id='word_1_46' title='bbox 339 523 509 560; x_wconf 88' lang='lat' dir='ltr'>aedilium</span> <span class='ocrx_word' id='word_1_47' title='bbox 536 530 698 571; x_wconf 85' lang='lat' dir='ltr'>potestas</span> <span class='ocrx_word' id='word_1_48' title='bbox 724 529 981 572; x_wconf 81' lang='lat' dir='ltr'>statutumque·</span> <span class='ocrx_word' id='word_1_49' title='bbox 994 531 1172 571; x_wconf 82' lang='lat' dir='ltr'>quantum</span> <span class='ocrx_word' id='word_1_50' title='bbox 1199 522 1352 565; x_wconf 88' lang='lat' dir='ltr'>curules,</span> <span class='ocrx_word' id='word_1_51' title='bbox 1373 529 1552 570; x_wconf 82' lang='lat' dir='ltr'>quantum</span> 
     </span>
     <span class='ocr_line' id='line_1_7' title="bbox 280 585 1590 637; baseline -0.003 -14"><span class='ocrx_word' id='word_1_52' title='bbox 280 587 398 634; x_wconf 88' lang='lat' dir='ltr'>plebei</span> <span class='ocrx_word' id='word_1_53' title='bbox 418 587 582 635; x_wconf 85' lang='lat' dir='ltr'>pignoris</span> <span class='ocrx_word' id='word_1_54' title='bbox 602 592 775 634; x_wconf 83' lang='lat' dir='ltr'>caperent</span> <span class='ocrx_word' id='word_1_55' title='bbox 792 586 847 623; x_wconf 90' lang='lat' dir='ltr'>vel</span> <span class='ocrx_word' id='word_1_56' title='bbox 868 598 1009 634; x_wconf 85' lang='lat' dir='ltr'>poenae</span> <span class='ocrx_word' id='word_1_57' title='bbox 1029 587 1249 637; x_wconf 75' lang='lat' dir='ltr'>inrog&#39;a1·ent.</span> <span class='ocrx_word' id='word_1_58' title='bbox 1307 592 1342 622; x_wconf 89' lang='lat' dir='ltr'>et</span> <span class='ocrx_word' id='word_1_59' title='bbox 1363 585 1552 621; x_wconf 87' lang='lat' dir='ltr'>Helvidius</span> <span class='ocrx_word' id='word_1_60' title='bbox 1570 591 1590 619; x_wconf 88' lang='lat'>5</span> 
     </span>
     <span class='ocr_line' id='line_1_8' title="bbox 280 648 1553 698; baseline -0.003 -12"><span class='ocrx_word' id='word_1_61' title='bbox 280 649 426 687; x_wconf 86' lang='lat' dir='ltr'>Priscus</span> <span class='ocrx_word' id='word_1_62' title='bbox 471 651 638 686; x_wconf 88' lang='lat' dir='ltr'>tribunus</span> <span class='ocrx_word' id='word_1_63' title='bbox 685 650 804 698; x_wconf 84' lang='lat' dir='ltr'>plebei</span> <span class='ocrx_word' id='word_1_64' title='bbox 851 650 1026 687; x_wconf 83' lang='lat' dir='ltr'>adversus</span> <span class='ocrx_word' id='word_1_65' title='bbox 1068 649 1329 686; x_wconf 86' lang='lat' dir='ltr'>Obultronium</span> <span class='ocrx_word' id='word_1_66' title='bbox 1377 648 1553 684; x_wconf 88' lang='lat' dir='ltr'>Sabinum</span> 
     </span>
     <span class='ocr_line' id='line_1_9' title="bbox 259 713 1555 764; baseline -0.005 -12"><span class='ocrx_word' id='word_1_67' title='bbox 259 750 266 764; x_wconf 44' lang='grc' dir='ltr'>,Ι</span> <span class='ocrx_word' id='word_1_68' title='bbox 279 714 407 751; x_wconf 83' lang='lat' dir='ltr'>aerarii</span> <span class='ocrx_word' id='word_1_69' title='bbox 434 720 664 764; x_wconf 71' lang='lat' dir='ltr'>quaestorem</span> <span class='ocrx_word' id='word_1_70' title='bbox 693 713 948 750; x_wconf 85' lang='lat' dir='ltr'>contentiones</span> <span class='ocrx_word' id='word_1_71' title='bbox 977 713 1142 761; x_wconf 89' lang='lat' dir='ltr'>proprias</span> <span class='ocrx_word' id='word_1_72' title='bbox 1170 713 1340 756; x_wconf 89' lang='lat' dir='ltr'>exercuit,</span> <span class='ocrx_word' id='word_1_73' title='bbox 1366 718 1555 759; x_wconf 83' lang='lat' dir='ltr'>tamquam</span> 
     </span>
     <span class='ocr_line' id='line_1_10' title="bbox 211 765 1554 824; baseline -0.003 -11"><span class='ocrx_word' id='word_1_74' title='bbox 211 772 214 776; x_wconf 31' lang='lat'>¹</span> <span class='ocrx_word' id='word_1_75' title='bbox 279 777 335 813; x_wconf 89' lang='lat' dir='ltr'>ius</span> <span class='ocrx_word' id='word_1_76' title='bbox 350 777 475 813; x_wconf 86' lang='lat' dir='ltr'>hastae</span> <span class='ocrx_word' id='word_1_77' title='bbox 492 765 687 813; x_wconf 84' lang='lat' dir='ltr'>adversus</span> <span class='ocrx_word' id='word_1_78' title='bbox 679 789 809 824; x_wconf 77' lang='lat' dir='ltr'>inopes</span> <span class='ocrx_word' id='word_1_79' title='bbox 826 777 1065 812; x_wconf 89' lang='lat' dir='ltr'>inclementer</span> <span class='ocrx_word' id='word_1_80' title='bbox 1082 783 1243 823; x_wconf 85' lang='lat' dir='ltr'>augeret.</span> <span class='ocrx_word' id='word_1_81' title='bbox 1285 776 1370 811; x_wconf 91' lang='lat' dir='ltr'>dein</span> <span class='ocrx_word' id='word_1_82' title='bbox 1385 775 1554 823; x_wconf 88' lang='lat' dir='ltr'>princeps</span> 
     </span>
     <span class='ocr_line' id='line_1_11' title="bbox 226 837 1554 889; baseline -0.003 -12"><span class='ocrx_word' id='word_1_83' title='bbox 226 852 263 873; x_wconf 90' lang='lat'>10</span> <span class='ocrx_word' id='word_1_84' title='bbox 280 852 405 877; x_wconf 89' lang='lat' dir='ltr'>curam</span> <span class='ocrx_word' id='word_1_85' title='bbox 434 840 639 877; x_wconf 89' lang='lat' dir='ltr'>tabularum</span> <span class='ocrx_word' id='word_1_86' title='bbox 672 840 903 889; x_wconf 78' lang='lat' dir='ltr'>publicarum</span> <span class='ocrx_word' id='word_1_87' title='bbox 931 852 952 876; x_wconf 87' lang='lat' dir='ltr'>a</span> <span class='ocrx_word' id='word_1_88' title='bbox 981 839 1234 887; x_wconf 85' lang='lat' dir='ltr'>quaestoribus</span> <span class='ocrx_word' id='word_1_89' title='bbox 1270 839 1318 876; x_wconf 90' lang='lat' dir='ltr'>ad</span> <span class='ocrx_word' id='word_1_90' title='bbox 1353 837 1554 887; x_wconf 78' lang='lat' dir='ltr'>praefectos</span> 
     </span>
     <span class='ocr_line' id='line_1_12' title="bbox 280 904 470 941; baseline -0.006 -1"><span class='ocrx_word' id='word_1_91' title='bbox 280 904 470 941; x_wconf 82' lang='lat' dir='ltr'>transtulit.</span> 
     </span>
    </p>

    <p class='ocr_par' dir='ltr' id='par_1_3' title="bbox 280 960 1555 1141">
     <span class='ocr_line' id='line_1_13' title="bbox 333 960 1554 1014; baseline -0.002 -11"><span class='ocrx_word' id='word_1_92' title='bbox 333 971 398 1005; x_wconf 90' lang='lat'>29.</span> <span class='ocrx_word' id='word_1_93' title='bbox 428 966 537 1003; x_wconf 86' lang='lat' dir='ltr'>Varie</span> <span class='ocrx_word' id='word_1_94' title='bbox 565 966 690 1002; x_wconf 89' lang='lat' dir='ltr'>habita</span> <span class='ocrx_word' id='word_1_95' title='bbox 718 978 760 1003; x_wconf 89' lang='lat' dir='ltr'>ac</span> <span class='ocrx_word' id='word_1_96' title='bbox 789 978 899 1014; x_wconf 87' lang='lat' dir='ltr'>saepe</span> <span class='ocrx_word' id='word_1_97' title='bbox 927 972 1066 1002; x_wconf 88' lang='lat' dir='ltr'>mutata</span> <span class='ocrx_word' id='word_1_98' title='bbox 1093 966 1170 1002; x_wconf 89' lang='lat' dir='ltr'>eius</span> <span class='ocrx_word' id='word_1_99' title='bbox 1207 966 1257 1002; x_wconf 86' lang='lat' dir='ltr'>rei</span> <span class='ocrx_word' id='word_1_100' title='bbox 1287 960 1414 1002; x_wconf 87' lang='lat' dir='ltr'>forma.</span> <span class='ocrx_word' id='word_1_101' title='bbox 1467 976 1554 1001; x_wconf 90' lang='lat' dir='ltr'>nam</span> 
     </span>
     <span class='ocr_line' id='line_1_14' title="bbox 280 1023 1555 1079; baseline -0.002 -13"><span class='ocrx_word' id='word_1_102' title='bbox 280 1031 467 1079; x_wconf 88' lang='lat' dir='ltr'>Augustus</span> <span class='ocrx_word' id='word_1_103' title='bbox 486 1030 627 1066; x_wconf 87' lang='lat' dir='ltr'>senatui</span> <span class='ocrx_word' id='word_1_104' title='bbox 647 1023 809 1077; x_wconf 76' lang='lat' dir='ltr'>permisit</span> <span class='ocrx_word' id='word_1_105' title='bbox 829 1030 987 1078; x_wconf 79' lang='lat' dir='ltr'>deligere</span> <span class='ocrx_word' id='word_1_106' title='bbox 1007 1029 1214 1077; x_wconf 85' lang='lat' dir='ltr'>praefectos</span> <span class='ocrx_word' id='word_1_107' title='bbox 1225 1041 1235 1074; x_wconf 89' lang='lat'>;</span> <span class='ocrx_word' id='word_1_108' title='bbox 1264 1029 1395 1065; x_wconf 90' lang='lat' dir='ltr'>deinde</span> <span class='ocrx_word' id='word_1_109' title='bbox 1415 1029 1555 1065; x_wconf 85' lang='lat' dir='ltr'>ambitu</span> 
     </span>
     <span class='ocr_line' id='line_1_15' title="bbox 281 1093 1555 1141; baseline -0.002 -11"><span class='ocrx_word' id='word_1_110' title='bbox 281 1094 536 1141; x_wconf 82' lang='lat' dir='ltr'>suffragiorum</span> <span class='ocrx_word' id='word_1_111' title='bbox 553 1099 738 1141; x_wconf 88' lang='lat' dir='ltr'>suspecto,</span> <span class='ocrx_word' id='word_1_112' title='bbox 756 1100 853 1129; x_wconf 88' lang='lat' dir='ltr'>sorte</span> <span class='ocrx_word' id='word_1_113' title='bbox 874 1093 1103 1129; x_wconf 86' lang='lat' dir='ltr'>ducebantur</span> <span class='ocrx_word' id='word_1_114' title='bbox 1117 1105 1162 1129; x_wconf 88' lang='lat' dir='ltr'>ex</span> <span class='ocrx_word' id='word_1_115' title='bbox 1179 1104 1333 1129; x_wconf 85' lang='lat' dir='ltr'>numero</span> <span class='ocrx_word' id='word_1_116' title='bbox 1346 1099 1555 1140; x_wconf 87' lang='lat' dir='ltr'>praetorum</span> 
     </span>
    </p>

    <p class='ocr_par' dir='ltr' id='par_1_4' title="bbox 227 1149 1604 1459">
     <span class='ocr_line' id='line_1_16' title="bbox 227 1149 1593 1206; baseline -0.002 -13"><span class='ocrx_word' id='word_1_117' title='bbox 227 1173 262 1204; x_wconf 86' lang='lat'>15</span> <span class='ocrx_word' id='word_1_118' title='bbox 281 1158 342 1206; x_wconf 89' lang='lat' dir='ltr'>qui</span> <span class='ocrx_word' id='word_1_119' title='bbox 362 1162 583 1205; x_wconf 88' lang='lat' dir='ltr'>praeessent.</span> <span class='ocrx_word' id='word_1_120' title='bbox 638 1168 760 1204; x_wconf 81' lang='lat' dir='ltr'>neque</span> <span class='ocrx_word' id='word_1_121' title='bbox 786 1156 822 1192; x_wconf 91' lang='lat' dir='ltr'>id</span> <span class='ocrx_word' id='word_1_122' title='bbox 847 1157 908 1192; x_wconf 88' lang='lat' dir='ltr'>diu</span> <span class='ocrx_word' id='word_1_123' title='bbox 934 1156 1076 1200; x_wconf 84' lang='lat' dir='ltr'>mansit,</span> <span class='ocrx_word' id='word_1_124' title='bbox 1097 1155 1183 1204; x_wconf 85' lang='lat' dir='ltr'>quia</span> <span class='ocrx_word' id='word_1_125' title='bbox 1199 1167 1278 1192; x_wconf 90' lang='lat' dir='ltr'>sors</span> <span class='ocrx_word' id='word_1_126' title='bbox 1299 1149 1489 1191; x_wconf 85' lang='lat' dir='ltr'>deerrabat</span> <span class='ocrx_word' id='word_1_127' title='bbox 1509 1154 1555 1190; x_wconf 86' lang='lat' dir='ltr'>ad</span> <span class='ocrx_word' id='word_1_128' title='bbox 1573 1158 1593 1185; x_wconf 86' lang='lat'>2</span> 
     </span>
     <span class='ocr_line' id='line_1_17' title="bbox 280 1207 1604 1269; baseline -0.002 -13"><span class='ocrx_word' id='word_1_129' title='bbox 280 1233 411 1269; x_wconf 88' lang='lat' dir='ltr'>parum</span> <span class='ocrx_word' id='word_1_130' title='bbox 437 1221 599 1257; x_wconf 89' lang='lat' dir='ltr'>idoneos.</span> <span class='ocrx_word' id='word_1_131' title='bbox 654 1226 740 1256; x_wconf 91' lang='lat' dir='ltr'>tunc</span> <span class='ocrx_word' id='word_1_132' title='bbox 762 1219 936 1256; x_wconf 87' lang='lat' dir='ltr'>Claudius</span> <span class='ocrx_word' id='word_1_133' title='bbox 957 1226 1170 1267; x_wconf 84' lang='lat' dir='ltr'>quaestores</span> <span class='ocrx_word' id='word_1_134' title='bbox 1198 1230 1343 1254; x_wconf 88' lang='lat' dir='ltr'>rursum</span> <span class='ocrx_word' id='word_1_135' title='bbox 1369 1219 1554 1265; x_wconf 79' lang='lat' dir='ltr'>imposuit,</span> <span class='ocrx_word' id='word_1_136' title='bbox 1601 1207 1604 1209; x_wconf 69' lang='lat'>.</span> 
     </span>
     <span class='ocr_line' id='line_1_18' title="bbox 281 1278 1566 1332; baseline -0.002 -12"><span class='ocrx_word' id='word_1_137' title='bbox 281 1285 407 1332; x_wconf 85' lang='lat' dir='ltr'>iisque,</span> <span class='ocrx_word' id='word_1_138' title='bbox 450 1295 497 1319; x_wconf 88' lang='lat' dir='ltr'>ne</span> <span class='ocrx_word' id='word_1_139' title='bbox 541 1289 641 1319; x_wconf 89' lang='lat' dir='ltr'>metu</span> <span class='ocrx_word' id='word_1_140' title='bbox 683 1283 931 1319; x_wconf 85' lang='lat' dir='ltr'>offensionum</span> <span class='ocrx_word' id='word_1_141' title='bbox 974 1282 1123 1329; x_wconf 88' lang='lat' dir='ltr'>segnius</span> <span class='ocrx_word' id='word_1_142' title='bbox 1167 1282 1411 1324; x_wconf 86' lang='lat' dir='ltr'>consulerent,</span> <span class='ocrx_word' id='word_1_143' title='bbox 1454 1278 1566 1317; x_wconf 65' lang='lat' dir='ltr'>extra&#39;</span> 
     </span>
     <span class='ocr_line' id='line_1_19' title="bbox 281 1345 1556 1394; baseline -0.004 -10"><span class='ocrx_word' id='word_1_144' title='bbox 281 1348 447 1384; x_wconf 89' lang='lat' dir='ltr'>ordinem</span> <span class='ocrx_word' id='word_1_145' title='bbox 483 1346 643 1383; x_wconf 86' lang='lat' dir='ltr'>honores</span> <span class='ocrx_word' id='word_1_146' title='bbox 676 1346 866 1394; x_wconf 78' lang='lat' dir='ltr'>promisit:</span> <span class='ocrx_word' id='word_1_147' title='bbox 911 1346 976 1382; x_wconf 84' lang='lat' dir='ltr'>sed</span> <span class='ocrx_word' id='word_1_148' title='bbox 1010 1346 1134 1382; x_wconf 88' lang='lat' dir='ltr'>deerat</span> <span class='ocrx_word' id='word_1_149' title='bbox 1166 1346 1279 1381; x_wconf 88' lang='lat' dir='ltr'>robur</span> <span class='ocrx_word' id='word_1_150' title='bbox 1311 1345 1438 1381; x_wconf 86' lang='lat' dir='ltr'>aetatis</span> <span class='ocrx_word' id='word_1_151' title='bbox 1471 1356 1556 1380; x_wconf 87' lang='lat' dir='ltr'>eum</span> 
     </span>
     <span class='ocr_line' id='line_1_20' title="bbox 281 1408 1594 1459; baseline -0.002 -13"><span class='ocrx_word' id='word_1_152' title='bbox 281 1411 440 1459; x_wconf 90' lang='lat' dir='ltr'>primum</span> <span class='ocrx_word' id='word_1_153' title='bbox 473 1410 724 1457; x_wconf 82' lang='lat' dir='ltr'>magistratum</span> <span class='ocrx_word' id='word_1_154' title='bbox 760 1410 1048 1456; x_wconf 83' lang='lat' dir='ltr'>capessentibus.</span> <span class='ocrx_word' id='word_1_155' title='bbox 1104 1409 1210 1456; x_wconf 81' lang='lat' dir='ltr'>igitur</span> <span class='ocrx_word' id='word_1_156' title='bbox 1249 1408 1350 1444; x_wconf 88' lang='lat' dir='ltr'>Nero</span> <span class='ocrx_word' id='word_1_157' title='bbox 1387 1414 1594 1456; x_wconf 84' lang='lat' dir='ltr'>praetura3</span> 
     </span>
    </p>

    <p class='ocr_par' dir='ltr' id='par_1_5' title="bbox 226 1473 1152 1522">
     <span class='ocr_line' id='line_1_21' title="bbox 226 1473 1152 1522; baseline -0.005 -10"><span class='ocrx_word' id='word_1_158' title='bbox 226 1492 263 1513; x_wconf 90' lang='lat'>20</span> <span class='ocrx_word' id='word_1_159' title='bbox 282 1474 491 1522; x_wconf 86' lang='lat' dir='ltr'>perfunctos</span> <span class='ocrx_word' id='word_1_160' title='bbox 512 1481 546 1508; x_wconf 89' lang='lat' dir='ltr'>et</span> <span class='ocrx_word' id='word_1_161' title='bbox 566 1473 790 1519; x_wconf 83' lang='lat' dir='ltr'>experientia</span> <span class='ocrx_word' id='word_1_162' title='bbox 810 1473 989 1520; x_wconf 88' lang='lat' dir='ltr'>probatos</span> <span class='ocrx_word' id='word_1_163' title='bbox 1008 1473 1152 1519; x_wconf 84' lang='lat' dir='ltr'>delegit.</span> 
     </span>
    </p>

    <p class='ocr_par' dir='ltr' id='par_1_6' title="bbox 335 1534 1557 1582">
     <span class='ocr_line' id='line_1_22' title="bbox 335 1534 1557 1582; baseline -0.003 -8"><span class='ocrx_word' id='word_1_164' title='bbox 335 1541 402 1574; x_wconf 89' lang='grc'>30.</span> <span class='ocrx_word' id='word_1_165' title='bbox 431 1536 638 1572; x_wconf 83' lang='lat' dir='ltr'>Damnatus</span> <span class='ocrx_word' id='word_1_166' title='bbox 679 1536 796 1571; x_wconf 89' lang='lat' dir='ltr'>isdem</span> <span class='ocrx_word' id='word_1_167' title='bbox 832 1536 1045 1572; x_wconf 90' lang='lat' dir='ltr'>consulibus</span> <span class='ocrx_word' id='word_1_168' title='bbox 1082 1535 1283 1582; x_wconf 90' lang='lat' dir='ltr'>Vipsanius</span> <span class='ocrx_word' id='word_1_169' title='bbox 1326 1534 1471 1571; x_wconf 86' lang='lat' dir='ltr'>Laenas</span> <span class='ocrx_word' id='word_1_170' title='bbox 1508 1535 1557 1571; x_wconf 91' lang='lat' dir='ltr'>ob</span> 
     </span>
    </p>

    <p class='ocr_par' dir='ltr' id='par_1_7' title="bbox 227 1585 1594 1774">
     <span class='ocr_line' id='line_1_23' title="bbox 227 1585 1557 1647; baseline -0.002 -11"><span class='ocrx_word' id='word_1_171' title='bbox 227 1633 229 1635; x_wconf 95' lang='lat'>.</span> <span class='ocrx_word' id='word_1_172' title='bbox 285 1600 489 1636; x_wconf 80' lang='lat' dir='ltr'>Sardiniam</span> <span class='ocrx_word' id='word_1_173' title='bbox 531 1598 759 1647; x_wconf 89' lang='lat' dir='ltr'>provinciam</span> <span class='ocrx_word' id='word_1_174' title='bbox 801 1611 906 1635; x_wconf 86' lang='lat' dir='ltr'>avare</span> <span class='ocrx_word' id='word_1_175' title='bbox 946 1587 1119 1634; x_wconf 84' lang='lat' dir='ltr'>habitam.</span> <span class='ocrx_word' id='word_1_176' title='bbox 1187 1585 1374 1634; x_wconf 84' lang='lat' dir='ltr'>absolutus</span> <span class='ocrx_word' id='word_1_177' title='bbox 1414 1598 1557 1634; x_wconf 89' lang='lat' dir='ltr'>Cestius</span> 
     </span>
     <span class='ocr_line' id='line_1_24' title="bbox 283 1661 1594 1729; baseline -0.002 -30"><span class='ocrx_word' id='word_1_178' title='bbox 283 1664 459 1700; x_wconf 89' lang='lat' dir='ltr'>Proculus</span> <span class='ocrx_word' id='word_1_179' title='bbox 487 1662 786 1710; x_wconf 79' lang='lat' dir='ltr'>1epetundarum‚</span> <span class='ocrx_word' id='word_1_180' title='bbox 818 1662 1065 1729; x_wconf 82' lang='lat' dir='ltr'>Cretensibus</span> <span class='ocrx_word' id='word_1_181' title='bbox 1083 1663 1349 1697; x_wconf 87' lang='lat' dir='ltr'>accusantibus.</span> <span class='ocrx_word' id='word_1_182' title='bbox 1405 1661 1594 1697; x_wconf 85' lang='lat' dir='ltr'>Clodius2</span> 
     </span>
     <span class='ocr_line' id='line_1_25' title="bbox 285 1708 1556 1774; baseline -0.002 -12"><span class='ocrx_word' id='word_1_183' title='bbox 285 1727 494 1772; x_wconf 84' lang='lat' dir='ltr'>Quirinalis,</span> <span class='ocrx_word' id='word_1_184' title='bbox 524 1726 623 1774; x_wconf 88' lang='lat' dir='ltr'>quod</span> <span class='ocrx_word' id='word_1_185' title='bbox 657 1725 859 1773; x_wconf 81' lang='lat' dir='ltr'>plaefcctus</span> <span class='ocrx_word' id='word_1_186' title='bbox 892 1708 1082 1772; x_wconf 74' lang='lat' dir='ltr'>reinig&#39;um</span> <span class='ocrx_word' id='word_1_187' title='bbox 1118 1725 1179 1772; x_wconf 91' lang='lat' dir='ltr'>qui</span> <span class='ocrx_word' id='word_1_188' title='bbox 1214 1718 1414 1760; x_wconf 82' lang='lat' dir='ltr'>Ravennae</span> <span class='ocrx_word' id='word_1_189' title='bbox 1447 1725 1556 1760; x_wconf 84' lang='lat' dir='ltr'>habc-</span> 
     </span>
    </p>

    <p class='ocr_par' dir='ltr' id='par_1_8' title="bbox 228 1788 1608 2039">
     <span class='ocr_line' id='line_1_26' title="bbox 228 1788 1608 1841; baseline -0.001 -15"><span class='ocrx_word' id='word_1_190' title='bbox 228 1807 263 1836; x_wconf 84' lang='lat'>25</span> <span class='ocrx_word' id='word_1_191' title='bbox 284 1798 417 1834; x_wconf 82' lang='lat' dir='ltr'>r,entur</span> <span class='ocrx_word' id='word_1_192' title='bbox 447 1790 542 1826; x_wconf 90' lang='lat' dir='ltr'>velut</span> <span class='ocrx_word' id='word_1_193' title='bbox 575 1791 740 1826; x_wconf 87' lang='lat' dir='ltr'>infimam</span> <span class='ocrx_word' id='word_1_194' title='bbox 774 1789 964 1825; x_wconf 86' lang='lat' dir='ltr'>nationum</span> <span class='ocrx_word' id='word_1_195' title='bbox 995 1789 1136 1824; x_wconf 86' lang='lat' dir='ltr'>Italiam</span> <span class='ocrx_word' id='word_1_196' title='bbox 1170 1788 1309 1841; x_wconf 86' lang='lat' dir='ltr'>luxuria</span> <span class='ocrx_word' id='word_1_197' title='bbox 1337 1788 1589 1838; x_wconf 74' lang='lat' dir='ltr'>saevitiaque</span> <span class='ocrx_word' id='word_1_198' title='bbox 1595 1823 1608 1825; x_wconf 26' lang='lat' dir='ltr'><em>a</em></span> 
     </span>
     <span class='ocr_line' id='line_1_27' title="bbox 284 1841 1596 1897; baseline -0.001 -8"><span class='ocrx_word' id='word_1_199' title='bbox 284 1854 549 1897; x_wconf 86' lang='lat' dir='ltr'>adflictavisset,</span> <span class='ocrx_word' id='word_1_200' title='bbox 562 1865 704 1890; x_wconf 87' lang='lat' dir='ltr'>veneno</span> <span class='ocrx_word' id='word_1_201' title='bbox 721 1841 998 1889; x_wconf 83' lang='lat' dir='ltr'>damnationem</span> <span class='ocrx_word' id='word_1_202' title='bbox 1018 1852 1153 1889; x_wconf 89' lang='lat' dir='ltr'>anteiit.</span> <span class='ocrx_word' id='word_1_203' title='bbox 1178 1847 1179 1850; x_wconf 30' lang='lat'>¹</span> <span class='ocrx_word' id='word_1_204' title='bbox 1197 1851 1373 1887; x_wconf 86' lang='lat' dir='ltr'>Caninius</span> <span class='ocrx_word' id='word_1_205' title='bbox 1395 1851 1555 1895; x_wconf 89' lang='lat' dir='ltr'>Rebilus,</span> <span class='ocrx_word' id='word_1_206' title='bbox 1575 1860 1596 1888; x_wconf 91' lang='lat'><strong>3</strong></span> 
     </span>
     <span class='ocr_line' id='line_1_28' title="bbox 284 1914 1555 1965; baseline -0.003 -12"><span class='ocrx_word' id='word_1_207' title='bbox 284 1929 329 1953; x_wconf 83' lang='lat' dir='ltr'>ex</span> <span class='ocrx_word' id='word_1_208' title='bbox 375 1917 594 1964; x_wconf 83' lang='lat' dir='ltr'>primoribus</span> <span class='ocrx_word' id='word_1_209' title='bbox 639 1917 769 1965; x_wconf 81' lang='lat' dir='ltr'>peritia</span> <span class='ocrx_word' id='word_1_210' title='bbox 815 1916 937 1964; x_wconf 85' lang='lat' dir='ltr'>legum</span> <span class='ocrx_word' id='word_1_211' title='bbox 984 1922 1018 1951; x_wconf 90' lang='lat' dir='ltr'>et</span> <span class='ocrx_word' id='word_1_212' title='bbox 1067 1915 1246 1963; x_wconf 87' lang='lat' dir='ltr'>pecuniae</span> <span class='ocrx_word' id='word_1_213' title='bbox 1292 1914 1555 1961; x_wconf 86' lang='lat' dir='ltr'>magnitudine,</span> 
     </span>
     <span class='ocr_line' id='line_1_29' title="bbox 286 1977 1556 2045; baseline -0.003 -29"><span class='ocrx_word' id='word_1_214' title='bbox 286 1981 464 2017; x_wconf 80' lang='lat' dir='ltr'>cruciatus</span> <span class='ocrx_word' id='word_1_215' title='bbox 488 1992 621 2027; x_wconf 81' lang='lat' dir='ltr'>aegrae</span> <span class='ocrx_word' id='word_1_216' title='bbox 648 1986 837 2044; x_wconf 63' lang='lat' dir='ltr'>sepectae</span> <span class='ocrx_word' id='word_1_217' title='bbox 843 1980 978 2036; x_wconf 86' lang='lat' dir='ltr'>emisso</span> <span class='ocrx_word' id='word_1_218' title='bbox 996 1991 1073 2030; x_wconf 81' lang='lat' dir='ltr'>,per</span> <span class='ocrx_word' id='word_1_219' title='bbox 1090 1990 1200 2027; x_wconf 81' lang='lat' dir='ltr'>venas</span> <span class='ocrx_word' id='word_1_220' title='bbox 1218 1979 1430 2045; x_wconf 74' lang='lat' dir='ltr'>Sanguine</span> <span class='ocrx_word' id='word_1_221' title='bbox 1418 1977 1556 2024; x_wconf 78' lang='lat' dir='ltr'>effugit,</span> 
     </span>
    </p>

    <p class='ocr_par' dir='ltr' id='par_1_9' title="bbox 229 2030 1597 2285">
     <span class='ocr_line' id='line_1_30' title="bbox 236 2030 1558 2105; baseline -0.003 -26"><span class='ocrx_word' id='word_1_222' title='bbox 236 2049 258 2105; x_wconf 60' lang='grc' dir='ltr'>ῃ</span> <span class='ocrx_word' id='word_1_223' title='bbox 284 2043 383 2079; x_wconf 90' lang='lat' dir='ltr'>haud</span> <span class='ocrx_word' id='word_1_224' title='bbox 409 2044 563 2080; x_wconf 88' lang='lat' dir='ltr'>creditus</span> <span class='ocrx_word' id='word_1_225' title='bbox 586 2035 751 2090; x_wconf 68' lang='lat' dir='ltr'>sufffcere</span> <span class='ocrx_word' id='word_1_226' title='bbox 780 2042 827 2078; x_wconf 86' lang='lat' dir='ltr'>ad</span> <span class='ocrx_word' id='word_1_227' title='bbox 851 2031 1094 2079; x_wconf 80' lang='lat' dir='ltr'>constantiam</span> <span class='ocrx_word' id='word_1_228' title='bbox 1120 2030 1323 2077; x_wconf 62' lang='lat' dir='ltr'>sumendae</span> <span class='ocrx_word' id='word_1_229' title='bbox 1343 2039 1482 2084; x_wconf 72' lang='lat' dir='ltr'>mortis,</span> <span class='ocrx_word' id='word_1_230' title='bbox 1508 2040 1558 2075; x_wconf 91' lang='lat' dir='ltr'>ob</span> 
     </span>
     <span class='ocr_line' id='line_1_31' title="bbox 229 2102 1597 2158; baseline -0.002 -17"><span class='ocrx_word' id='word_1_231' title='bbox 229 2121 268 2150; x_wconf 84' lang='lat'>30</span> <span class='ocrx_word' id='word_1_232' title='bbox 286 2108 453 2158; x_wconf 89' lang='lat' dir='ltr'>libidines</span> <span class='ocrx_word' id='word_1_233' title='bbox 481 2106 701 2143; x_wconf 90' lang='lat' dir='ltr'>muliebriter</span> <span class='ocrx_word' id='word_1_234' title='bbox 729 2106 886 2142; x_wconf 81' lang='lat' dir='ltr'>infamis.</span> <span class='ocrx_word' id='word_1_235' title='bbox 941 2110 978 2140; x_wconf 86' lang='lat' dir='ltr'>at</span> <span class='ocrx_word' id='word_1_236' title='bbox 1007 2103 1049 2140; x_wconf 93' lang='lat' dir='ltr'>L.</span> <span class='ocrx_word' id='word_1_237' title='bbox 1069 2103 1242 2157; x_wconf 88' lang='lat' dir='ltr'>Volusius</span> <span class='ocrx_word' id='word_1_238' title='bbox 1276 2103 1424 2151; x_wconf 85' lang='lat' dir='ltr'>egregia</span> <span class='ocrx_word' id='word_1_239' title='bbox 1460 2102 1597 2139; x_wconf 87' lang='lat' dir='ltr'>fama4</span> 
     </span>
     <span class='ocr_line' id='line_1_32' title="bbox 287 2161 1557 2215; baseline -0.005 -8"><span class='ocrx_word' id='word_1_240' title='bbox 287 2170 478 2215; x_wconf 84' lang='lat' dir='ltr'>concessit,</span> <span class='ocrx_word' id='word_1_241' title='bbox 507 2170 563 2206; x_wconf 91' lang='lat' dir='ltr'>cui</span> <span class='ocrx_word' id='word_1_242' title='bbox 591 2176 664 2206; x_wconf 90' lang='lat' dir='ltr'>tres</span> <span class='ocrx_word' id='word_1_243' title='bbox 692 2176 727 2205; x_wconf 89' lang='lat' dir='ltr'>et</span> <span class='ocrx_word' id='word_1_244' title='bbox 756 2169 959 2215; x_wconf 89' lang='lat' dir='ltr'>nonaginta</span> <span class='ocrx_word' id='word_1_245' title='bbox 987 2167 1073 2203; x_wconf 88' lang='lat' dir='ltr'>anni</span> <span class='ocrx_word' id='word_1_246' title='bbox 1102 2161 1260 2214; x_wconf 87' lang='lat' dir='ltr'>spatium</span> <span class='ocrx_word' id='word_1_247' title='bbox 1283 2165 1424 2202; x_wconf 90' lang='lat' dir='ltr'>vivendi</span> <span class='ocrx_word' id='word_1_248' title='bbox 1452 2177 1557 2213; x_wconf 90' lang='lat' dir='ltr'>prae-</span> 
     </span>
     <span class='ocr_line' id='line_1_33' title="bbox 287 2229 1557 2285; baseline -0.006 -14"><span class='ocrx_word' id='word_1_249' title='bbox 287 2236 490 2282; x_wconf 89' lang='lat' dir='ltr'>cipuaeque</span> <span class='ocrx_word' id='word_1_250' title='bbox 526 2244 617 2281; x_wconf 88' lang='lat' dir='ltr'>opes</span> <span class='ocrx_word' id='word_1_251' title='bbox 647 2232 765 2285; x_wconf 58' lang='lat' dir='ltr'>&gt;bonis</span> <span class='ocrx_word' id='word_1_252' title='bbox 803 2231 937 2267; x_wconf 90' lang='lat' dir='ltr'>artibus</span> <span class='ocrx_word' id='word_1_253' title='bbox 981 2230 1162 2266; x_wconf 89' lang='lat' dir='ltr'>inoffensa</span> <span class='ocrx_word' id='word_1_254' title='bbox 1203 2236 1254 2266; x_wconf 92' lang='lat' dir='ltr'>tot</span> <span class='ocrx_word' id='word_1_255' title='bbox 1295 2229 1557 2276; x_wconf 90' lang='lat' dir='ltr'>imperatorum</span> 
     </span>
    </p>

    <p class='ocr_par' dir='ltr' id='par_1_10' title="bbox 287 2284 659 2334">
     <span class='ocr_line' id='line_1_34' title="bbox 287 2284 659 2334; baseline 0 -1"><span class='ocrx_word' id='word_1_256' title='bbox 287 2298 424 2334; x_wconf 87' lang='lat' dir='ltr'>malitia</span> <span class='ocrx_word' id='word_1_257' title='bbox 451 2296 607 2333; x_wconf 86' lang='lat' dir='ltr'>fuerunt.</span> <span class='ocrx_word' id='word_1_258' title='bbox 656 2284 659 2285; x_wconf 27' lang='lat'><em>⁷</em></span> 
     </span>
    </p>
   </div>
  </div>
 </body>
</html>
