1674 2653
129 213 205 238 Μ).
227 197 297 251 65]
473 205 621 236 ΗΒΕΑἱ
648 203 724 235 XV.
784 205 879 235 CAP.
909 200 1051 243 61-64.

131 308 338 355 susciperet,
365 306 428 343 sed
460 307 497 342 in
527 305 841 353 contemplatione
874 305 966 341 vitae
1000 317 1065 353 per
1098 305 1268 341 virtutem
1305 311 1408 341 actae

90 378 111 406 2
131 370 348 407 desiderium
369 369 485 405 mariti
516 369 662 405 solaciis
685 368 847 405 honestis
868 369 1046 405 toleraret.
1103 368 1162 404 illa
1187 375 1318 404 contra
1341 368 1408 404 sibi

130 445 281 482 quoque
301 433 521 469 destinatam
547 440 702 468 mortem
724 431 912 467 adseverat
934 443 1160 479 manumque
1181 431 1408 479 percussoris

91 504 111 531 3
130 497 306 544 exposcit.
371 502 447 532 turn
487 495 628 532 Seneca
665 495 804 543 gloriae
841 495 918 531 eius
961 507 1037 531 non
1079 494 1260 538 adversus,
1301 494 1408 530 simul

130 571 267 604 amore,
287 572 333 596 ne
353 559 421 595 sibi
441 559 549 595 unice
576 559 747 594 dilectam
768 558 814 594 ad
839 558 987 594 iniurias
1017 558 1248 605 relinqueret,
1271 559 1384 594 ‘vitae
1399 555 1406 568 '
1427 572 1444 603 5

130 622 247 671 inquit
264 625 271 639 ‘
289 622 534 658 delenimenta
555 628 847 658 monstraveram
861 621 936 666 tibi,
951 628 988 656 tu
1003 621 1129 657 mortis
1143 621 1257 657 decus
1274 620 1408 657 mavis:

90 695 112 722 4
132 698 208 722 non
228 685 398 722 invidebo
419 685 601 733 exemplo.
659 685 703 720 sit
717 684 823 720 huius
843 690 917 720 tarn
939 684 1040 720 fortis
1060 685 1179 720 exitus
1201 684 1410 720 constantia

131 761 245 797 penes
265 755 440 796 utrosque
467 761 542 796 par,
564 747 787 784 claritudinis
808 747 888 795 plus
909 748 946 783 in
971 754 1034 783 tuo
1061 747 1154 783 fine.’
1212 754 1295 795 post
1315 759 1409 794 quae

92 821 112 849 5
130 813 264 848 eodem
284 813 357 848 ictu
376 812 526 848 brachia
547 812 642 848 ferro
662 811 865 848 exsolvunt.
924 811 1075 855 Seneca,
1097 812 1275 859 quoniam
1296 811 1407 847 senile

132 888 268 924 corpus
288 883 322 912 et
341 888 453 924 parco
473 876 567 912 victu
587 881 777 911 tenuatum
798 875 895 911 lenta
908 875 1044 922 effugia
1065 875 1235 922 sanguini
1255 875 1407 923 praebe·
1431 888 1469 908 10

91 948 112 975 6
132 940 204 983 bat,
226 951 372 975 crurum
402 950 552 987 quoque
582 946 616 974 et
641 939 822 986 poplitum
849 950 960 974 venas
982 939 1188 985 abrumpit;
1220 938 1409 986 saevisque

133 1002 355 1038 cruciatibus
377 1002 552 1046 defessus,
574 1013 620 1037 ne
643 1001 770 1038 dolore
792 1013 859 1038 suo
875 1002 1040 1037 animum
1057 1002 1182 1037 uxoris
1198 1001 1412 1047 infringeret

131 1072 239 1113 atque
260 1065 338 1113 ipse
360 1065 510 1102 visendo
530 1065 608 1101 eius
632 1071 814 1101 tormenta
833 1064 879 1100 ad
900 1064 1153 1112 inpatientiam
1175 1064 1410 1107 delaberetur,

94 1137 112 1167 7
133 1128 261 1165 suadet
276 1129 311 1164 in
325 1128 421 1164 aliud
437 1128 646 1164 cubiculum
660 1128 871 1164 abscedere.
900 1134 934 1163 et
948 1128 1147 1164 novissimo
1167 1139 1317 1175 quoque
1334 1139 1412 1163 mo-

132 1199 259 1229 mento
279 1192 533 1240 suppeditante
549 1192 760 1239 eloquentia
776 1191 962 1227 advocatis
984 1191 1224 1238 scriptoribus
1238 1191 1411 1238 pleraque
1434 1202 1468 1232 15

132 1256 288 1299 tradidit,
308 1268 403 1304 quae
423 1256 459 1290 in
476 1255 606 1303 vulgus
627 1255 725 1291 edita
744 1255 820 1291 eius
840 1255 956 1290 verbis
977 1255 1154 1290 invertere
1176 1254 1411 1301 supersedeo.

185 1322 248 1356 64.
277 1319 326 1354 At
346 1319 447 1355 Nero
463 1318 563 1354 nullo
578 1319 615 1354 in
636 1317 829 1354 Paulinam
844 1318 996 1365 proprio
1012 1317 1110 1361 odio,
1125 1330 1167 1354 ac
1183 1330 1229 1353 ne
1245 1317 1413 1364 glisceret

132 1382 265 1418 invidia
290 1382 522 1426 crudelitatis,
544 1382 636 1418 iubet
666 1381 818 1417 inhiberi
843 1387 1009 1417 mortem.
1065 1380 1293 1416 hortantibus
1321 1381 1414 1416 mili-

133 1447 227 1482 tibus
257 1446 349 1481 servi
378 1445 567 1492 libertique
596 1444 761 1491 obligant
790 1444 947 1488 brachia,
978 1450 1151 1492 premunt
1181 1445 1413 1491 sanguinem,

95 1515 115 1542 2
133 1510 313 1545 incertum
351 1520 396 1544 an
437 1508 597 1555 ignarae.
672 1519 769 1552 nam,
808 1515 846 1543 ut
889 1514 943 1543 est
981 1508 1111 1554 vulgus
1148 1508 1196 1543 ad
1234 1508 1413 1544 deteriora
1435 1521 1472 1541 20

132 1579 355 1620 promptum,
385 1583 462 1608 non
495 1571 642 1607 defuere
674 1571 736 1619 qui
768 1570 969 1615 crederent,
1005 1570 1126 1608 donec
1157 1571 1413 1619 inplacabilem

134 1635 323 1672 Neronem
370 1634 539 1679 timuerit,
587 1634 724 1670 famam
771 1635 932 1670 sociatae
979 1646 1065 1670 cum
1110 1635 1242 1671 marito
1286 1636 1414 1670 mortis

132 1699 312 1748 petivisse,
361 1698 493 1734 deinde
540 1697 662 1734 oblata
709 1697 855 1733 mitiore
901 1709 965 1745 spe
1012 1697 1273 1733 blandimentis
1321 1697 1414 1733 vitae

133 1762 308 1799 evictam:
358 1762 415 1798 cui
459 1761 598 1797 addidit
639 1772 778 1808 paucos
821 1767 950 1807 postea
991 1772 1122 1804 annos,
1161 1760 1335 1796 laudabili
1377 1761 1415 1796 in

133 1826 303 1861 maritum
346 1824 523 1861 memoria
560 1830 596 1860 et
634 1835 696 1860 ore
735 1836 778 1859 ac
821 1824 997 1859 membris
1039 1824 1075 1859 in
1115 1835 1200 1859 eum
1236 1824 1414 1871 pallorem
1435 1835 1471 1865 25

134 1889 351 1931 albentibus,
383 1894 422 1924 ut
441 1887 597 1924 ostentui
617 1893 712 1923 esset
739 1886 896 1922 multum
924 1887 1041 1924 vitalis
1061 1887 1206 1934 spiritus
1235 1895 1413 1935 egestum.

95 1963 116 1990 3
136 1952 276 1988 Seneca
295 1952 451 1994 interim,
473 1951 627 1986 durante
654 1957 771 1986 tractu
791 1957 826 1986 et
853 1950 1071 1987 lentitudine
1092 1951 1231 1995 mortis,
1256 1950 1413 1986 Statium

134 2017 344 2059 Annaeum,
375 2014 436 2051 diu
466 2014 534 2050 sibi
563 2013 743 2049 amicitiae
777 2013 848 2049 fide
876 2020 911 2049 et
940 2019 1017 2049 arte
1047 2013 1249 2050 medicinae
1278 2015 1415 2062 proba-

133 2087 222 2124 tum,
242 2086 323 2116 orat
351 2079 540 2127 provisum
569 2078 714 2125 pridem
739 2089 936 2122 venenum,
966 2089 1041 2125 quo
1070 2077 1234 2113 damnati
1263 2078 1415 2126 publico

134 2142 415 2179 Atheniensium
443 2142 580 2177 iudicio
610 2141 920 2188 extinguerentur,
941 2148 1148 2188 promeret:
1179 2141 1415 2190 adlatumque
1435 2153 1474 2183 30

133 2206 251 2242 hausit
279 2205 421 2250 frustra,
446 2204 598 2251 frigidus
627 2204 700 2239 iam
726 2209 825 2239 artus
845 2210 880 2238 et
906 2203 1009 2239 cluso
1036 2215 1194 2251 corpore
1220 2204 1415 2241 adversum

93 2278 116 2304 4
133 2269 206 2304 virn
251 2268 393 2304 veneni.
462 2273 652 2314 postremo
699 2272 869 2312 stagnum
917 2266 1055 2302 calidae
1101 2278 1222 2314 aquae
1269 2267 1414 2313 introiit,

134 2342 352 2379 respergens
371 2330 562 2378 proximos
577 2339 764 2365 servorum
779 2327 902 2366 addita
922 2339 1022 2372 voce,
1044 2328 1154 2365 libare
1175 2341 1213 2365 se
1233 2329 1414 2379 liquorem
