1674 2653
147 207 223 232 Aa).
243 191 314 245 61.]
499 198 646 231 LIBER
675 198 773 229 XIV.
832 199 926 230 CAP.
950 201 1087 240 43-47.

107 311 129 340 6
149 302 254 338 istam
270 313 346 338 non
367 300 435 337 nisi
451 306 551 337 metu
571 301 787 337 coercueris.
843 308 878 336 at
899 300 1048 349 quidam
1065 300 1230 337 insontes
1244 299 1424 348 peribunt.

148 377 233 401 nam
257 371 292 400 et
317 377 361 400 ex
386 364 467 400 fuso
493 364 656 400 exercitu
683 375 767 399 cum
793 363 971 400 decumus
1000 364 1156 412 quisque
1179 363 1264 400 fusti
1289 364 1424 409 feritur,

109 428 258 468 'retiam
298 427 434 464 strenui
472 427 679 463 sortiuntur.
736 427 847 463 habet
887 427 1024 475 aliquid
1063 439 1109 463 ex
1148 427 1274 475 iniquo
1314 439 1425 464 omne

147 503 326 538 magnum
358 491 579 539 exemplum,
608 490 709 539 quod
741 496 869 526 contra
903 490 1069 538 singulos
1097 490 1245 527 utilitate
1278 491 1425 539 publica

148 554 377 603 rependitur!

199 623 267 656 45.
300 618 509 654 Sententiae
537 617 654 655 Cassii
681 625 719 654 ut
746 630 858 655 nemo
885 630 979 655 unus
1007 624 1134 654 contra
1159 618 1207 654 ire
1228 630 1338 655 ausus
1358 624 1423 662 est,

147 683 196 719 ita
224 683 394 718 dissonae
423 694 533 719 voces
563 682 837 730 respondebant
865 694 1059 718 numerum
1089 688 1151 718 aut
1179 688 1333 718 aetatem
1363 687 1425 717 aut

148 758 275 782 sexum
306 759 348 782 ac
378 746 617 794 plurimorum
647 746 836 782 indubiam
867 745 1116 782 innocentiam
1147 746 1424 782 miserantium:

108 821 128 848 2
148 810 346 857 praevaluit
385 816 507 846 tamen
552 822 636 858 pars
675 821 769 858 quae
813 809 1034 858 supplicium
1076 809 1306 846 decernebat.
1362 809 1426 846 sed

148 874 394 921 obtemperari
421 886 497 910 non
524 879 679 921 poterat,
701 874 925 921 conglobata
950 873 1182 909 multitudine
1209 880 1244 909 et
1270 885 1359 910 saxa
1383 886 1426 910 ac

110 947 130 974 3
150 937 248 973 faces
275 937 447 973 minante.
502 944 581 974 tum
607 936 744 973 Caesar
769 937 947 985 populum
974 937 1094 973 edicto
1120 937 1298 984 increpuit
1318 943 1427 985 atque

149 1012 261 1036 omne
292 1000 366 1045 iter,
396 1012 471 1048 quo
500 1000 662 1036 damnati
690 1000 737 1036 ad
763 1012 925 1048 poenam
952 1000 1188 1044 ducebantur,
1215 1000 1427 1036 militaribus

108 1074 131 1101 4
149 1064 336 1112 praesidiis
383 1064 527 1111 saepsit.
582 1071 771 1100 censuerat
817 1063 1023 1111 Cingonius
1063 1063 1182 1100 Varro
1228 1070 1267 1099 ut
1314 1063 1426 1099 liberti

149 1139 309 1175 quoque,
338 1128 399 1175 qui
429 1128 498 1163 sub
527 1127 660 1163 eodem
690 1134 786 1163 tecto
816 1126 977 1172 fuissent,
1006 1127 1110 1163 Italia
1138 1127 1426 1174 deportarentur.

150 1191 186 1226 id
207 1203 227 1226 a
246 1191 410 1238 principe
436 1190 662 1238 prohibitum
686 1196 750 1234 est,
771 1202 816 1226 ne
843 1202 926 1226 mos
952 1191 1135 1238 antiquus,
1157 1202 1268 1238 quem
1289 1190 1426 1226 miseri-

150 1254 275 1291 cordia
298 1267 373 1290 non
393 1254 585 1299 minuerat,
606 1266 672 1301 per
691 1255 877 1290 saevitiam
899 1254 1154 1290 intenderetur.

202 1322 269 1355 46.
299 1317 506 1361 Damnatus
533 1317 651 1354 isdem
677 1318 892 1354 consulibus
920 1317 1134 1365 Tarquitius
1158 1317 1303 1354 Priscus
1324 1330 1426 1365 repe-

151 1382 347 1417 tundarum
378 1380 544 1429 Bithynis
578 1380 898 1429 interrogantibus,
930 1393 1068 1429 magno
1102 1387 1246 1429 patrum
1280 1381 1427 1428 gaudio,

150 1446 212 1493 qui
241 1451 453 1481 accusatum
483 1445 529 1480 ab
558 1456 604 1481 eo
635 1444 815 1480 Statilium
843 1444 1011 1480 Taurum
1040 1457 1108 1492 pro
1137 1444 1287 1481 consule
1316 1445 1428 1491 ipsius

113 1509 403 1545 2meminerant.
459 1519 591 1544 census
629 1520 694 1555 per
733 1507 871 1544 Gallias
904 1520 925 1544 a
956 1507 1003 1552 Q.
1037 1507 1194 1544 Volusio
1230 1513 1266 1544 et
1305 1507 1461 1544 Sextioz

150 1571 325 1607 Africano
359 1570 618 1619 Trebellioque
653 1571 822 1608 Maximo
857 1571 926 1607 acti
957 1577 1052 1616 sunt,
1083 1571 1237 1608 aemulis
1270 1571 1362 1606 inter
1390 1583 1428 1607 se

150 1647 214 1682 per
247 1634 474 1670 nobilitatem
508 1634 664 1671 Volusio
695 1641 803 1682 atque
834 1634 1034 1671 Africano:
1077 1634 1302 1671 Trebellium
1339 1635 1427 1670 dum

151 1704 302 1745 uterque
322 1697 550 1744 dedignatur,
572 1709 682 1744 supra
703 1697 826 1734 tulere.

202 1754 270 1799 47.
298 1760 355 1796 Eo
375 1773 474 1796 anno
494 1766 652 1796 mortem
677 1761 766 1797 obiit
793 1761 994 1797 Memmius
1015 1761 1191 1809 RegquS,
1214 1761 1428 1797 auctoritate

151 1824 356 1861 constantia
402 1824 509 1868 sama,
558 1818 611 1859 in
642 1831 821 1872 quantum
871 1826 1154 1872 praeumbrante
1200 1825 1428 1872 imperatoris

150 1887 296 1935 fastigio
333 1887 449 1931 datur,
486 1886 616 1931 clarus,
655 1887 748 1923 adeo
786 1893 824 1922 ut
863 1886 964 1924 Nero
1002 1899 1111 1935 aeger
1148 1887 1365 1932 valetudine,
1394 1895 1430 1924 et

150 1950 383 1986 adulantibus
421 1951 556 1986 circum
588 1950 650 1998 qui
688 1950 799 1986 finem
834 1951 988 1999 imperio
1021 1951 1151 1987 adesse
1188 1950 1371 1995 dicebant,
1401 1951 1429 1988 si

151 2014 239 2062 quid
284 2013 357 2049 fato
403 2019 597 2061 pateretur,
645 2013 873 2061 responderit
923 2014 1057 2050 habere
1104 2014 1305 2050 subsidium
1352 2027 1429 2051 rem

152 2077 347 2127 publicam.
403 2077 618 2123 rogantibus
643 2076 775 2112 dehinc
801 2077 838 2112 in
867 2088 942 2124 quo
971 2077 1215 2124 potissimum,
1238 2077 1430 2114 addiderat

1443 560 1460 591 5

1448 886 1484 907 ῘΟ

1448 1205 1484 1235 15

1449 1838 1485 1870 ²5

114 2154 135 2182 2
154 2141 189 2176 in
211 2140 392 2176 Memmio
413 2139 569 2187 Regulo.
626 2139 711 2175 vixit
745 2147 867 2175 tamen
895 2146 978 2187 post
999 2140 1088 2176 haec
1110 2140 1285 2187 Regulus,
1307 2141 1428 2189 quiete
1447 2154 1488 2184 30

153 2203 324 2239 defensus
355 2209 390 2238 et
421 2203 507 2250 quia
540 2214 635 2238 nova
666 2202 810 2249 generis
843 2202 1058 2238 claritudine
1090 2215 1210 2250 neque
1240 2203 1428 2240 invidiosis

113 2267 284 2314 30pibus
328 2272 414 2302 erat.
467 2266 702 2313 gymnasium
746 2277 791 2301 eo
829 2277 928 2301 anno
971 2266 1179 2302 dedicatum
1217 2278 1239 2302 a
1277 2266 1428 2304 Nerone

151 2330 432 2377 praebitumque
453 2329 576 2365 oleum
597 2329 709 2377 equiti
729 2341 771 2365 ac
792 2329 931 2365 senatui
951 2328 1095 2365 Graeca
1114 2329 1295 2366 facilitate.
