1674 2653
524 172 754 204 CORNELII
783 172 947 203 TACJTJ
972 172 1239 202 ANNALIUM
1289 163 1426 216 [mue.
1446 173 1518 211 814.

244 275 390 312 decreta
432 273 722 322 postularentur;
769 285 890 320 neque
934 284 1015 309 sum
1052 272 1276 316 adversatus,
1315 284 1390 309 non
1434 272 1519 321 quia

244 338 460 381 dubitarem,
481 349 588 384 super
609 337 781 372 omnibus
806 337 962 384 negotiis
988 336 1118 372 melius
1138 343 1248 384 atque
1274 336 1407 372 rectius
1427 335 1518 371 olim

245 401 431 449 provisum
456 407 490 436 et
515 411 608 448 quae
637 405 935 435 converterentur
960 400 998 434 z'n
1027 399 1184 435 deterius
1211 399 1355 443 mutari,
1383 398 1446 434 sed
1473 410 1519 434 ne

246 464 359 500 nimio
380 475 506 500 amore
532 462 670 510 antiqui
697 462 810 498 moris
836 462 995 498 studium
1021 474 1147 498 meum
1173 461 1346 498 extollere
1367 461 1517 497 viderer.

209 542 226 573 5
246 527 354 563 simul
387 526 564 574 quidquid
595 525 665 562 hoc
695 525 731 561 in
765 525 871 561 nobis
905 524 1130 561 auctoritatis
1166 531 1231 569 est,
1261 524 1395 561 crebris
1428 531 1558 561 con-2

244 590 524 626 tradictionibus
561 588 823 625 destruendum
860 600 937 625 non
975 587 1241 632 existimabam,
1281 594 1319 624 ut
1356 594 1520 624 maneret

213 672 216 673 ⁷
245 654 437 701 integrum,
471 654 499 689 si
537 652 687 701 quando
723 664 781 688 res
817 652 966 700 publica
998 651 1157 688 consiliis
1194 651 1364 699 eguisset.
1419 650 1557 700 quod3

246 717 356 754 hodie
382 716 508 761 evenit,
531 715 712 753 consulari
731 717 808 752 viro
834 715 933 752 domi
958 727 1043 751 suae
1068 714 1260 751 interfecto
1279 727 1344 762 per
1371 714 1520 751 insidias

246 781 402 826 serviles,
424 792 516 828 quas
542 791 652 817 nemo
679 779 863 828 prohibuit
886 786 947 815 aut
974 777 1133 825 prodidit
1159 779 1325 827 quamvis
1352 778 1520 814 nondum

192 862 229 884 10
247 856 430 882 concusso
467 850 615 881 senatus
654 843 834 886 consulto,
866 842 968 891 quod
1005 843 1223 891 supplicium
1262 843 1327 878 toti
1364 840 1520 878 familiae

246 909 492 944 minitabatur.
547 907 728 943 decernite
744 906 890 942 hercule
911 906 1163 953 inpunitatem,
1181 912 1218 941 ut
1239 917 1348 953 quern
1366 905 1519 952 dignitas
1537 916 1561 944 4

247 984 312 1009 sua
341 971 523 1015 defendat,
553 982 638 1007 cum
667 969 896 1018 praefectura
923 970 1023 1005 urbis
1052 980 1127 1005 non
1155 968 1355 1017 profuerit?
1410 979 1520 1016 quem

246 1047 421 1071 numerus
444 1045 629 1070 servorum
653 1039 805 1077 tueatur,
827 1045 912 1069 cum
940 1032 1144 1068 Pedanium
1169 1032 1380 1068 Secundum
1404 1031 1520 1079 quad-

246 1099 401 1146 ringenti
431 1110 507 1134 non
538 1097 784 1146 protexerint?
840 1096 897 1133 cui
925 1095 1059 1132 familia
1088 1108 1197 1143 opem
1227 1095 1326 1139 ferat,
1351 1107 1444 1143 quae
1474 1107 1519 1130 ne

193 1177 227 1208 15
247 1164 282 1199 in
313 1169 411 1198 metu
442 1161 593 1209 quidem
630 1160 790 1208 pericula
822 1166 944 1195 nostra
977 1159 1151 1195 advertit?
1207 1170 1264 1202 an,
1297 1164 1335 1194 ut
1368 1157 1518 1206 quidam
1538 1167 1558 1196 5

247 1227 384 1273 fingere
413 1236 490 1260 non
521 1224 754 1268 erubescunt,
784 1222 931 1258 iniurias
965 1234 1048 1258 suas
1081 1222 1178 1258 ultus
1209 1228 1264 1257 est
1296 1221 1517 1265 interfector,

245 1290 331 1338 quia
361 1289 405 1324 de
433 1294 584 1336 paterna
613 1287 769 1335 pecunia
792 1292 1016 1333 transegerat
1044 1291 1106 1321 aut
1134 1285 1268 1320 avitum
1294 1284 1519 1332 mancipium

245 1351 526 1389 detrahebatur?
581 1350 862 1399 pronuntiemus
892 1347 986 1385 ultro
1024 1348 1218 1384 dominum
1257 1349 1333 1384 iure
1370 1360 1519 1384 caesum

245 1416 365 1452 videri.
1544 1404 1547 1406 v

190 1497 229 1518 20
297 1483 364 1516 44.
395 1477 501 1514 Libet
524 1483 744 1525 argumenta
759 1476 976 1525 conquirere
998 1476 1035 1511 in
1055 1488 1100 1512 eo
1120 1474 1220 1524 quod
1240 1474 1519 1522 sapientioribus

247 1543 487 1579 deliberatum
533 1542 610 1577 est?
667 1540 730 1576 sed
776 1546 811 1576 et
857 1540 885 1575 si
932 1551 1032 1575 nunc
1077 1540 1236 1586 primum
1283 1537 1518 1574 statuendum

246 1606 473 1648 haberemus
507 1604 701 1641 creditisne
733 1614 875 1639 servum
910 1602 1148 1638 interficiendi
1182 1600 1321 1637 domini
1354 1600 1517 1636 animum

246 1669 455 1716 sumpsisse,
475 1674 515 1704 ut
535 1679 611 1703 non
630 1679 701 1704 vox
723 1667 847 1702 minax
874 1665 1068 1709 excideret,
1088 1664 1176 1701 nihil
1195 1676 1259 1711 per
1279 1663 1518 1700 temeritatem

246 1732 551 1781 proloqueretur?
605 1742 693 1767 sane
709 1729 902 1767 consilium
919 1728 1120 1772 occultavit,
1136 1728 1249 1764 telum
1265 1727 1356 1762 inter
1372 1727 1518 1773 ignaros
1536 1738 1556 1765 2

190 1814 226 1844 ²5
247 1796 404 1844 paravit:
452 1806 541 1830 num
579 1793 753 1830 excubias
791 1792 954 1835 transire,
991 1791 1150 1828 cubiculi
1187 1790 1284 1826 fores
1322 1789 1517 1832 recludere,

245 1859 368 1895 lumen
415 1857 555 1901 inferre,
595 1857 747 1893 caedem
786 1862 927 1904 patrare
964 1858 1107 1902 poleral
1149 1854 1320 1889 omnibus
1359 1853 1519 1889 nesciis?

246 1921 358 1957 multa
374 1920 519 1957 sceleris
536 1919 670 1955 indicia
689 1918 927 1966 praeveniunt
944 1930 951 1953 :
982 1917 1072 1953 servi
1092 1917 1120 1952 si
1137 1916 1305 1964 prodant,
1322 1927 1516 1963 possumus
1535 1927 1555 1954 3

245 1984 376 2031 singuli
396 1984 488 2020 inter
508 1982 640 2031 plures,
661 1981 727 2017 tuti
747 1982 839 2017 inter
859 1981 999 2025 anxios,
1020 1986 1219 2027 postremo,
1240 1978 1267 2014 si
1289 1978 1516 2026 pereundum

246 2048 299 2093 sit,
339 2059 415 2083 non
451 2047 556 2083 inulti
593 2047 685 2081 inter
721 2050 898 2081 nocentes
935 2055 1052 2091 agere.
1108 2048 1276 2089 suspecta
1318 2041 1557 2078 maioribus4

189 2129 228 2158 30
246 2111 380 2147 nostris
412 2110 557 2146 fuerunt
590 2108 737 2156 ingenia
767 2118 963 2150 servorum,
995 2106 1105 2142 etiam
1139 2117 1225 2141 curn
1259 2104 1295 2139 in
1327 2104 1423 2150 agris
1455 2110 1517 2139 aut

245 2174 416 2210 domibus
442 2173 558 2208 isdem
583 2178 821 2207 nascerentur
848 2170 1107 2216 caritatemque
1132 2167 1366 2204 dominorum
1393 2167 1515 2202 statim

246 2237 464 2283 acciperent.
519 2242 714 2282 postquam
750 2244 836 2269 vero
870 2232 1037 2267 nationes
1069 2231 1106 2266 in
1143 2230 1288 2265 familiis
1326 2229 1553 2272 habemus,5

246 2300 378 2348 quibus
403 2299 530 2334 diversi
558 2298 656 2342 ritus,
676 2303 826 2332 externa
853 2307 956 2331 sacra
982 2301 1042 2330 aut
1070 2293 1167 2328 nulla
1189 2298 1282 2337 sunt,
1306 2291 1513 2328 conluviem
