1674 2653
555 199 783 229 CORNELII
815 200 979 231 TACJTJ
1002 200 1273 231 ANNALJUM
1321 192 1456 245 [A.U.C.
1478 202 1550 232 818.

274 299 413 335 nuntia.
466 299 519 335 vis
547 299 732 347 fulgurum
761 312 837 336 non
865 301 953 337 alias
982 302 1152 346 crebrior,
1182 309 1216 338 et
1245 302 1344 338 sidus
1374 308 1548 345 cometes,

274 362 452 409 sanguine
468 362 608 399 inlustri
624 375 771 411 semper
785 362 924 401 Neroni
941 365 1139 412 expiatum.
1179 365 1343 413 bicipites
1357 364 1550 401 hominurn
1567 370 1588 398 2

275 425 475 462 aliorumve
516 426 729 462 animalium
770 433 896 474 partus
937 428 1067 464 abiecti
1108 429 1145 463 in
1186 428 1376 475 publicum
1414 434 1476 464 aut
1513 427 1551 463 in

275 488 470 532 sacrificiis,
497 489 630 536 quibus
657 489 826 536 gravidas
850 490 988 526 hostias
1015 491 1184 527 inmolari
1210 503 1292 527 mos
1319 497 1383 535 est,
1409 491 1549 538 reperti.

239 570 256 600 5
274 559 309 589 et
327 552 364 587 in
384 564 473 599 agro
493 552 709 589 Placentino
729 553 826 589 viam
847 561 997 601 propter
1017 561 1124 590 natus
1144 554 1286 598 vitulus,
1308 554 1366 590 cui
1386 560 1495 601 caput
1515 554 1551 589 in
1569 561 1590 588 3

275 627 378 652 crure
394 622 509 660 esset3
537 622 736 664 secutaque
757 616 993 664 haruspicum
1013 617 1272 664 interpretatio,
1291 617 1410 664 parari
1430 628 1552 652 rerum

275 679 520 715 humanarum
544 678 642 715 aliud
666 686 786 727 caput,
811 680 875 716 sed
899 692 975 716 non
998 679 1076 716 fore
1101 680 1261 716 validum
1286 692 1406 727 neque
1431 679 1552 716 occul-

276 749 364 784 tum,
385 742 470 789 quia
490 742 524 777 in
546 750 649 778 utero
669 754 875 790 repressum
896 751 957 778 aut
977 744 1043 779 iter
1064 744 1164 779 iuxta
1184 743 1321 779 editum
1343 744 1397 779 sit.

328 809 396 842 48.
426 805 560 841 Ineunt
596 806 727 842 deinde
765 806 999 842 consulatum
1039 806 1146 843 Silius
1181 806 1303 842 Nerva
1341 813 1376 842 et
1412 806 1553 843 Atticus

223 885 261 906 10
277 868 465 913 Vestinus,
483 875 613 916 coepta
632 869 739 905 simul
755 876 788 905 et
805 875 910 905 aucta
930 869 1194 911 coniuratione,
1210 870 1247 905 in
1264 881 1374 917 quarn
1391 869 1553 905 certatim

278 932 431 968 nomina
455 931 630 968 dederant
654 938 840 968 senatores
866 944 978 980 eques
1002 933 1115 977 miles,
1143 932 1300 968 feminae
1323 933 1443 976 etiam,
1469 944 1553 968 cum

278 995 363 1032 odio
400 994 572 1039 Neronis,
611 1001 689 1030 tum
726 995 849 1031 favore
888 995 924 1030 in
964 994 1005 1031 C.
1044 995 1229 1032 Pisonem.
1283 995 1314 1032 is
1352 994 1555 1043 Calpurnio
1571 1002 1592 1030 2

278 1069 414 1104 genere
434 1063 535 1093 ortus
555 1069 596 1093 ac
617 1057 750 1093 multas
770 1057 1009 1105 insignesque
1030 1057 1185 1094 familias
1200 1064 1352 1105 paterna
1367 1058 1554 1094 nobilitate

279 1120 506 1168 complexus,
530 1120 628 1156 claro
653 1120 752 1168 apud
775 1121 923 1168 vulgum
947 1133 1096 1173 rumore
1116 1128 1192 1157 erat
1215 1133 1279 1168 per
1302 1121 1470 1158 virtutem
1494 1128 1554 1157 aut

227 1199 261 1230 15
281 1184 420 1231 species
440 1184 631 1220 virtutibus
652 1184 798 1220 similes.
846 1195 1007 1232 namque
1028 1183 1238 1220 facundiam
1259 1184 1402 1220 tuendis
1417 1184 1554 1220 civibus
1572 1191 1592 1218 3

279 1248 483 1291 exercebat,
511 1247 741 1294 largitionem
774 1247 968 1283 adversum
998 1248 1147 1291 amicos,
1178 1254 1213 1283 et
1241 1247 1376 1294 ignotis
1404 1259 1554 1295 quoque

281 1311 378 1347 comi
408 1323 577 1347 sermone
606 1318 641 1347 et
668 1323 890 1359 congressu;
921 1311 1073 1347 aderant
1101 1311 1212 1346 etiam
1238 1310 1393 1355 fortuita,
1420 1322 1554 1358 corpus

281 1385 484 1422 procerum,
520 1374 654 1410 decora
685 1373 817 1410 facies:
856 1374 919 1410 sed
953 1374 1080 1421 procul
1112 1374 1271 1421 gravitas
1309 1385 1456 1409 morum
1493 1380 1594 1410 aut4

282 1438 511 1486 voluptatum
549 1438 795 1485 parsimonia3
834 1438 966 1474 levitati
1004 1450 1046 1473 ac
1086 1436 1381 1484 magnificentiae
1418 1443 1454 1473 et
1491 1437 1555 1472 ali-

226 1517 264 1538 20
282 1501 432 1549 quando
458 1501 544 1536 luxu
570 1500 794 1547 indulgebat.
842 1500 953 1548 idque
979 1500 1144 1547 pluribus
1168 1500 1403 1547 probabatur,
1431 1500 1491 1548 qui
1518 1500 1555 1535 in
1572 1509 1592 1536 5

282 1571 383 1601 tanta
407 1564 576 1601 vitiorum
604 1564 795 1600 dulcedine
816 1575 1001 1600 summum
1028 1563 1223 1611 imperium
1250 1575 1326 1600 non
1350 1564 1556 1600 restrictum

282 1639 352 1664 nec
370 1639 604 1675 perseverum
624 1627 760 1663 volunt.

335 1696 405 1728 49.
435 1691 584 1727 Initium
611 1690 854 1727 coniurationi
881 1702 956 1728 non
983 1702 1004 1726 a
1029 1690 1200 1738 cupidine
1228 1690 1340 1737 ipsius
1369 1689 1455 1735 fuit;
1486 1702 1556 1727 nec

283 1762 407 1792 tamen
428 1755 530 1791 facile
551 1754 845 1799 memoraverim,
863 1754 944 1802 quis
959 1754 1097 1801 primus
1114 1760 1250 1798 auctor,
1269 1753 1370 1789 cuius
1386 1753 1554 1790 instinctu

228 1832 264 1862 ²5
284 1819 471 1855 concitum
503 1818 548 1853 sit
580 1817 680 1865 quod
713 1823 789 1853 tam
822 1817 925 1853 multi
963 1822 1203 1864 sumpserunt.
1260 1817 1591 1864 promptissimos2

285 1881 457 1918 Subrium
482 1880 634 1916 Flavum
661 1880 843 1916 tribunum
873 1879 1075 1927 praetoriae
1103 1878 1265 1915 cohortis
1292 1885 1327 1915 et
1356 1878 1556 1927 Sulpicium

285 1946 447 1991 Asprum
477 1944 730 1980 centurionem
760 1943 920 1978 extitisse
953 1942 1159 1978 constantia
1192 1942 1311 1978 exitus
1344 1942 1489 1979 docuit:
1522 1949 1558 1978 et

285 2009 459 2044 Lucanus
482 2007 660 2042 Annaeus
680 2005 918 2053 Plautiusque
938 2004 1141 2041 Lateranus
1161 2005 1279 2040 vivida
1293 2004 1378 2041 odia
1393 2005 1556 2041 intulere.

286 2073 479 2107 Lucanum
515 2070 683 2118 propriae
716 2081 848 2105 causae
881 2068 1144 2112 accendebant,
1178 2067 1276 2114 quod
1309 2067 1447 2103 samam
1479 2075 1593 2103 car-3

229 2146 266 2175 30
287 2136 426 2170 minum
451 2134 527 2170 eius
549 2133 740 2180 premebat
762 2131 864 2168 Nero
891 2131 1199 2179 prohibueratque
1222 2136 1417 2174 ostentare,
1442 2141 1556 2166 vanus

285 2196 582 2234 adsimulatione:
606 2195 832 2231 Lateranum
849 2193 1039 2230 consulem
1055 2193 1286 2238 designatum
1303 2191 1401 2228 nulla
1416 2193 1555 2236 iniuria,

286 2261 350 2296 sed
391 2271 493 2295 amor
530 2258 580 2293 rei
619 2257 787 2304 publicae
827 2255 984 2292 sociavit.
1039 2261 1075 2289 at
1107 2254 1250 2290 Flavius
1285 2253 1482 2290 Scaevinus
1522 2261 1557 2291 et
1573 2261 1596 2288 4

285 2322 459 2359 Afranius
480 2320 714 2365 Quintianus,
733 2324 885 2365 uterque
905 2316 1076 2353 senatorii
1097 2316 1247 2359 ordinis,
1271 2323 1397 2352 contra
1419 2316 1554 2352 famam
