1674 2653
121 176 197 201 m).
217 162 284 214 61.]
469 169 614 200 LIBER
643 168 741 201 XIV.
802 169 898 200 CAP.
921 174 1058 210 30-33·

121 270 356 307 simulacrum
394 269 580 306 Victoriae
622 282 665 306 ac
707 276 802 306 retro
838 281 1068 314 conversum,
1114 268 1217 317 quasi
1254 267 1399 304 cederet

81 333 298 370 2hostibus.
353 339 388 369 et
424 333 582 369 feminae
616 333 652 368 in
689 332 850 369 furorem
884 334 1051 369 turbatae
1087 333 1216 369 adesse
1248 331 1397 368 exitium

120 398 313 441 canebant,
350 403 596 445 externosque
633 396 798 432 fremitus
839 397 876 432 in
920 396 1022 432 curia
1066 407 1194 433 eorum
1233 395 1397 438 auditos;

121 462 361 498 consonuisse
375 461 571 496 ululatibus
584 460 765 496 theatrum
782 461 971 508 visamque
985 460 1144 508 speciem
1160 460 1198 495 in
1218 459 1398 496 aestuario

122 524 306 561 Tamesae
327 525 522 561 subversae
549 524 742 560 coloniae:
772 524 845 559 iam
867 523 1039 560 Oceanus
1060 531 1214 560 cruento
1233 529 1397 570 aspectu,
1418 536 1436 568 5

122 587 303 624 dilabente
340 594 441 623 aestu
472 587 718 622 humanorum
753 598 952 634 corporum
990 587 1128 633 effigies
1165 586 1321 629 relictae,
1362 591 1400 620 ut

83 656 103 684 8
124 650 308 686 Britannis
327 650 373 686 ad
398 661 513 697 spem,
536 650 584 685 ita
604 649 781 686 veteranis
802 649 849 684 ad
872 656 1013 684 metum
1034 649 1281 684 trahebantur.
1337 648 1400 684 sed

122 714 208 761 quia
249 712 375 761 procul
418 712 614 750 Suetonius
656 713 792 756 aberat,
831 713 989 760 petivere
1029 725 1050 748 a
1094 712 1189 748 Cato
1232 711 1401 747 Deciano

122 782 356 825 procuratore
377 776 565 813 auxilium.
620 776 677 813 ille
697 776 795 812 haud
815 776 974 823 amplius
990 788 1103 824 quarn
1122 776 1301 812 ducentos
1322 775 1400 810 sine

81 847 104 875 4
122 840 224 876 iustis
244 840 353 875 armis
382 839 504 884 misit;
533 846 568 876 et
588 839 703 876 inerat
732 839 879 875 modica
908 839 1064 875 militum
1090 851 1234 875 manus.
1290 838 1400 874 tutela
1421 853 1459 875 10

121 902 247 950 templi
276 902 368 946 freti,
397 909 432 939 et
458 903 744 950 impedientibus
773 903 835 950 qui
862 903 994 939 occulti
1026 902 1234 938 rebellionis
1262 902 1400 938 conscii

121 966 274 1003 consilia
302 967 507 1011 turbabant,
540 978 660 1014 neque
691 966 830 1002 fossam
864 973 926 1002 aut
953 966 1085 1002 vallum
1115 965 1398 1013 praeduxerunt,

121 1041 242 1077 neque
266 1030 374 1065 motis
404 1030 552 1066 senibus
580 1037 614 1065 et
637 1029 781 1066 feminis
810 1031 979 1066 iuventus
1003 1030 1080 1066 sola
1108 1029 1259 1066 restitit:
1297 1029 1401 1077 quasi

122 1093 242 1129 media
262 1105 352 1140 pace
373 1093 508 1129 incauti
536 1093 768 1130 multitudine
792 1094 1031 1130 barbarorum
1057 1093 1402 1130 circumveniuntur.

81 1164 102 1191 5
121 1163 156 1192 et
176 1162 296 1192 cetera
316 1156 465 1204 quidem
491 1155 630 1203 impetu
656 1156 799 1203 direpta
819 1163 881 1192 aut
900 1156 1054 1193 incensa
1074 1163 1180 1193 sunt:
1211 1156 1399 1203 templum,
1421 1170 1456 1201 15

122 1219 159 1254 in
193 1230 267 1265 quo
301 1230 339 1254 se
367 1219 471 1255 miles
502 1219 800 1266 conglobaverat,
839 1219 952 1255 biduo
984 1220 1178 1255 obsessum
1210 1231 1399 1267 expugna-

80 1290 103 1318 6
123 1289 284 1329 tumque.
338 1287 374 1318 et
401 1282 517 1318 victor
545 1281 744 1318 Britannus
771 1282 902 1318 Petilio
932 1282 1064 1319 Ceriali
1094 1283 1215 1331 legato
1244 1282 1401 1329 legionis

122 1357 241 1382 nonae
261 1345 298 1380 in
318 1345 520 1381 subsidium
542 1345 750 1381 adventanti
769 1346 899 1382 obvius
920 1346 1010 1382 fudit
1026 1346 1222 1394 legionem,
1244 1353 1278 1382 et
1299 1345 1400 1394 quod

122 1405 287 1454 peditum
311 1405 511 1442 interfecit:
542 1405 694 1442 Cerialis
714 1417 799 1442 cum
826 1406 1010 1454 equitibus
1037 1407 1151 1443 evasit
1172 1407 1208 1442 in
1228 1415 1347 1443 castra
1366 1412 1401 1442 et

85 1469 363 1509 7munimentis
399 1468 571 1505 defensus
608 1475 670 1505 est.
728 1481 801 1517 qua
838 1469 941 1506 clade
978 1477 1013 1506 et
1050 1470 1143 1506 odiis
1179 1471 1398 1518 provinciae,
1419 1486 1457 1507 20

125 1544 236 1581 quam
253 1533 401 1569 avaritia
418 1533 494 1569 eius
514 1533 551 1569 in
567 1533 702 1569 bellum
722 1539 857 1582 egerat,
874 1534 1035 1582 trepidus
1049 1540 1265 1582 procurator
1286 1534 1400 1571 Catus

121 1596 158 1632 in
180 1596 338 1633 Galliam
357 1597 508 1633 transiit.

175 1664 239 1697 33.
267 1660 317 1696 At
356 1659 554 1697 Suetonius
590 1661 682 1697 mira
718 1661 927 1698 constantia
963 1661 1106 1698 medios
1144 1661 1238 1698 inter
1275 1661 1399 1698 hostes

123 1721 349 1758 Londinium
365 1723 531 1770 perrexit,
546 1731 796 1771 cognomento
812 1724 960 1772 quidem
974 1724 1141 1760 coloniae
1155 1735 1230 1760 non
1245 1724 1397 1771 insigne,

123 1786 187 1821 sed
221 1786 329 1834 copia
361 1786 628 1835 negotiatorum
667 1793 702 1823 et
738 1794 1014 1824 commeatuum
1044 1787 1206 1823 maxime
1243 1787 1397 1826 celebre.
1420 1801 1457 1833 ²5

83 1857 104 1885 2
123 1849 171 1885 ibi
201 1849 395 1896 ambiguus
427 1862 475 1886 an
507 1849 606 1886 illam
635 1850 761 1886 sedem
790 1850 886 1887 bello
915 1850 1100 1898 deligeret,
1130 1852 1400 1898 circumspecta

123 1912 365 1961 infrequentia
389 1913 524 1957 militis,
546 1914 707 1962 satisque
729 1914 874 1962 magnis
901 1914 1133 1951 documentis
1159 1915 1399 1951 temeritatem

123 1975 238 2012 Petilii
258 1976 465 2021 coercitam,
486 1976 594 2013 unius
607 1977 734 2024 oppidi
755 1977 893 2014 damno
914 1989 1056 2014 servare
1076 1978 1245 2014 universa
1265 1978 1397 2014 statuit.

83 2047 103 2074 3
123 2051 244 2087 neque
271 2038 358 2074 fletu
391 2045 425 2075 et
455 2039 615 2076 lacrimis
649 2040 825 2076 auxilium
860 2041 938 2077 eius
969 2041 1151 2077 orantium
1182 2041 1299 2077 flexus
1333 2047 1400 2085 est,

122 2103 210 2149 quin
247 2102 349 2138 daret
384 2102 622 2150 profectionis
663 2104 812 2150 signum
849 2110 884 2140 et
925 2104 1144 2140 comitantes
1182 2105 1219 2140 in
1258 2111 1397 2152 partem
1418 2118 1458 2148 30

122 2165 279 2213 agminis
305 2166 509 2213 acciperet:
540 2167 568 2202 si
595 2178 688 2214 quos
716 2167 858 2203 inbellis
886 2179 996 2203 sexus
1022 2174 1082 2203 aut
1110 2167 1204 2204 fessa
1225 2174 1323 2204 aetas
1343 2168 1398 2204 vel

81 2228 194 2265 4loci
231 2228 387 2265 dulcedo
425 2230 628 2274 attinuerat,
668 2231 715 2267 ab
752 2229 858 2267 hoste
896 2231 1061 2278 oppressi
1099 2238 1193 2268 sunt.
1267 2232 1397 2267 eadem

124 2291 245 2328 clades
264 2292 464 2340 municipio
484 2293 699 2330 Verulamio
720 2293 795 2338 suit,
812 2293 898 2341 quia
914 2293 1059 2330 barbari
1074 2294 1219 2331 omissis
1239 2295 1398 2331 castellis
