1674 2653
152 197 230 221 Μ).
252 181 320 234 ω]
490 188 635 218 LIBER
664 188 762 218 XIV.
821 188 919 220 CAP.
951 190 1089 229 55-59-

110 289 311 338 4populos
340 289 553 326 claritudine
583 289 639 324 avi
658 288 781 325 Drusi.
839 288 978 325 Sullam
1007 290 1170 336 inopem,
1200 288 1296 324 unde
1325 299 1429 335 prae-

151 353 297 400 cipuam
326 353 530 396 audaciam,
560 359 595 388 et
624 352 875 388 simulatorem
906 353 1095 399 segnitiae,
1121 352 1209 387 dum
1238 350 1429 387 temeritati

111 422 132 450 5
151 416 273 452 locum
297 416 478 464 reperiret.
533 415 702 452 Plautum
726 416 870 462 magnis
889 417 1023 463 opibus
1046 428 1092 452 ne
1119 415 1257 462 fingere
1281 414 1429 462 quidem

149 479 361 527 cupidinem
376 479 449 523 otii,
465 479 529 514 sed
542 485 703 514 veterum
723 478 979 514 Romanorum
995 479 1222 515 imitamenta
1235 477 1429 526 praeferre,

150 543 345 590 adsumpta
364 542 473 579 etiam
491 541 700 578 Stoicorum
716 541 937 589 adrogantia
952 550 1137 590 sectaque,
1152 553 1245 590 quae
1267 541 1429 577 turbidos
1448 553 1465 584 5

110 613 184 643 eet
220 606 453 653 negotiorum
490 605 705 653 adpetentes
741 605 860 641 faciat.
916 617 983 641 nec
1021 606 1115 641 ultra
1159 617 1274 641 mora.
1331 603 1430 641 Sulla

151 676 255 705 sexto
283 669 341 705 die
370 670 546 716 pervectis
576 668 782 705 Massiliam
810 670 1088 717 percussoribus
1116 677 1200 705 ante
1226 675 1365 705 metum
1394 673 1430 704 et

149 745 334 769 rumorem
358 732 580 776 interficitur,
602 744 686 768 cum
708 732 881 779 epulandi
903 744 1013 768 causa
1033 732 1290 768 discumberet.
1346 743 1428 780 per-

149 796 264 832 latum
292 803 401 844 caput
428 796 506 833 eius
534 796 657 832 inlusit
685 795 787 832 Nero
814 796 1005 845 tamquam
1038 802 1269 844 praematura
1298 795 1429 832 canitie

150 860 324 896 deforme.
1451 877 1488 899 10

203 928 271 960 58.
302 923 433 960 Plauto
452 924 574 972 parari
594 936 723 961 necem
744 936 821 961 non
849 924 1000 973 perinde
1030 924 1217 961 occultum
1248 923 1323 967 fuit,
1344 922 1430 970 quia

149 987 314 1034 pluribus
353 987 449 1023 salus
479 988 556 1024 eius
589 989 797 1031 curabatur,
825 994 859 1025 et
890 989 1048 1036 spatium
1083 988 1219 1024 itineris
1247 999 1290 1024 ac
1318 987 1429 1022 maris

150 1058 367 1098 tempusque
391 1046 621 1087 interiectum
649 1058 814 1087 moverat
840 1052 997 1096 samam;
1028 1051 1214 1099 vulgoque
1241 1050 1430 1098 fingebant

150 1114 302 1160 petitum
322 1115 369 1149 ab
385 1126 429 1151 eo
446 1114 710 1159 Corbulonem,
727 1115 871 1162 magnis
888 1122 966 1151 tum
981 1115 1201 1151 exercitibus
1221 1113 1429 1162 praesiden-

149 1184 223 1212 tem
244 1183 289 1220 et‚
310 1177 395 1213 clari
415 1183 523 1226 atque
553 1178 718 1215 insontes
736 1179 773 1214 si
792 1178 1087 1222 interficerentur,
1117 1178 1357 1226 praecipuum
1383 1176 1430 1212 ad
1451 1187 1487 1218 15

110 1246 131 1274 2
151 1240 319 1287 pericula.
375 1241 463 1290 quin
499 1248 535 1277 et
571 1241 699 1278 Asiam
731 1241 854 1277 favore
885 1241 1024 1277 iuvenis
1051 1253 1154 1277 arma
1181 1241 1333 1288 cepisse,
1363 1252 1430 1276 nec

149 1303 279 1340 milites
299 1303 346 1339 ad
365 1304 483 1340 scelus
502 1305 637 1341 missos
653 1311 714 1341 aut
734 1316 888 1341 numero
903 1304 1041 1341 validos
1061 1311 1121 1340 aut
1137 1305 1261 1340 animo
1282 1315 1430 1352 promp-

149 1374 219 1412 tos,
237 1374 434 1415 postquam
454 1368 553 1405 iussa
572 1368 715 1405 efficere
741 1369 979 1415 nequiverint,
1001 1367 1047 1404 ad
1074 1379 1158 1415 spes
1178 1379 1292 1404 novas
1313 1375 1429 1403 trans-

111 1437 131 1464 3
149 1431 230 1468 isse.
284 1443 381 1467 vana
409 1431 500 1468 haec
527 1443 630 1468 more
658 1431 778 1468 famae
807 1432 1036 1468 credentium
1065 1431 1140 1468 otio
1177 1431 1430 1478 augebantur3

149 1500 312 1530 ceterum
338 1494 488 1532 libertus
512 1493 630 1531 Plauti
655 1495 838 1531 celeritate
864 1501 1058 1531 ventorum
1087 1495 1274 1543 praevenit
1303 1503 1428 1531 centu·
1450 1505 1489 1526 20

148 1558 291 1594 rionem
310 1564 346 1593 et
364 1558 540 1594 mandata
559 1558 601 1594 L.
616 1558 761 1595 Antistii
777 1559 893 1595 soceri
913 1559 1053 1595 attulit:
1084 1559 1261 1606 effugeret
1277 1569 1429 1606 segnem

149 1628 318 1665 mortem,
349 1621 438 1656 dum
470 1622 670 1670 suffugium
700 1628 818 1658 esset:
848 1623 974 1669 magni
1007 1622 1166 1658 nominis
1196 1622 1430 1658 miseratione

149 1692 377 1732 reperturum
407 1685 537 1728 bonos,
563 1686 862 1722 consociaturum
890 1686 1070 1722 audaces:
1113 1685 1255 1722 nullum
1284 1686 1429 1721 interim

109 1747 352 1784 4subsidium
397 1748 683 1796 aspernandum.
752 1749 783 1784 si
828 1750 1019 1796 sexaginta
1055 1749 1186 1785 milites
1223 1749 1293 1797 (tot
1331 1749 1430 1784 enim

149 1810 410 1859 adveniebant)
448 1811 681 1859 propulisset,
707 1812 796 1848 dum
821 1812 973 1848 refertur
999 1813 1148 1849 nuntius
1169 1812 1320 1857 Neroni,
1342 1812 1430 1847 dum
1451 1821 1488 1852 25

150 1885 282 1910 manus
313 1873 383 1910 alia
420 1881 597 1922 permeat,
629 1875 744 1912 multa
773 1883 943 1912 secutura
971 1888 1066 1925 quae
1095 1876 1261 1924 adusque
1294 1875 1431 1912 bellum

111 1943 132 1971 5
151 1937 409 1974 evalescerent.
466 1938 624 1986 denique
653 1945 715 1975 aut
746 1939 901 1975 salutem
930 1939 991 1976 tali
1019 1940 1175 1976 consilio
1204 1940 1338 1987 quaeri,
1369 1946 1432 1975 aut

150 2001 238 2037 nihil
258 2002 402 2048 gravius
422 2002 571 2037 audenti
587 2013 702 2049 quam
722 2003 856 2050 ignavo
875 2003 1091 2050 patiendum
1111 2015 1203 2040 esse.

203 2069 272 2101 59.
304 2063 376 2100 Sed
400 2064 570 2100 Plautum
593 2076 636 2101 ea
660 2077 737 2101 non
762 2077 922 2109 movere,
949 2067 1024 2102 sive
1049 2066 1188 2102 nullam
1210 2078 1320 2114 opem
1347 2078 1432 2114 pro—

150 2127 294 2163 videbat
330 2127 480 2163 inermis
507 2135 617 2176 atque
646 2128 741 2173 exul,
771 2140 836 2166 seu
874 2129 994 2165 taedio
1033 2130 1228 2177 ambiguae
1266 2131 1354 2178 spei,
1385 2142 1432 2166 an
1451 2142 1491 2173 30

152 2201 278 2226 amore
298 2191 465 2237 coniugis
488 2197 524 2226 et
548 2191 758 2237 liberorum,
780 2192 912 2240 quibus
939 2192 1218 2240 placabiliorem
1238 2193 1313 2229 fore
1334 2193 1433 2241 prin-

113 2260 134 2287 2
152 2253 270 2300 cipem
297 2254 445 2289 rebatur
470 2253 569 2290 nulla
593 2254 838 2290 sollicitudine
859 2256 1055 2291 turbatum.
1112 2262 1196 2291 sunt
1220 2257 1281 2304 qui
1301 2256 1393 2292 alios
1412 2267 1433 2292 a

152 2327 282 2352 socero
302 2317 449 2353 nuntios
460 2317 601 2353 venisse
618 2317 745 2362 ferant,
763 2324 957 2367 tamquam
977 2317 1065 2354 nihil
1079 2325 1184 2355 atrox
1204 2319 1411 2356 immineret
1423 2331 1432 2364 ;
