1674 2653
121 194 199 220 mn.
220 178 288 231 60.]
465 185 613 215 LIBER
639 184 737 214 XIV.
796 171 891 215 cAP.
915 187 1050 224 21—25.

121 295 258 325 terrore
302 294 399 324 ratus
436 286 483 322 ad
523 285 741 333 occupanda
779 285 1057 332 Tigranocerta,
1095 286 1229 333 quibus
1265 284 1396 322 excisis

120 358 260 387 metum
298 351 457 387 bostium
495 349 698 385 intenderet
738 349 803 393 vel,
843 350 871 384 si
909 349 1140 397 pepercisset,
1180 349 1396 385 clementiae

121 413 259 450 samam
290 413 558 461 adipisceretur,
592 412 674 448 illuc
708 413 834 459 pergit,
870 424 945 447 non
978 412 1120 448 infenso
1148 413 1320 455 exercitu,
1350 424 1396 448 ne

123 489 228 524 spem
260 477 386 513 veniae
421 476 588 520 auferret,
624 487 744 523 neque
776 482 899 511 tamen
934 476 1085 511 remissa
1123 487 1220 520 cura,
1259 486 1397 523 gnarus

122 539 267 576 facilem
292 546 431 575 mutatu
460 546 620 586 gentem,
647 546 686 574 ut
715 550 868 585 segnem
894 538 940 574 ad
969 539 1140 586 pericula,
1169 539 1218 574 ita
1246 538 1396 574 infidam
1415 549 1433 581 5

82 602 168 640 2ad
205 603 434 639 occasiones.
489 602 645 646 barbari,
682 613 749 649 pro
786 601 935 648 ingenio
973 602 1139 650 quisque,
1177 603 1235 638 alii
1269 614 1397 650 preces

121 666 263 710 offerre,
293 666 445 714 quidam
474 665 641 701 deserere
669 665 767 702 vicos
796 670 832 700 et
859 665 896 700 in
925 665 1005 700 avia
1034 666 1195 713 digredi3
1227 677 1269 702 ac
1298 665 1397 702 fuere

83 737 102 765 3
122 730 184 777 qui
215 741 253 766 se
284 729 468 776 speluncis
500 734 535 766 et
565 728 753 764 carissima
790 740 916 764 secum
943 729 1130 764 abderent.
1186 729 1293 776 igitur
1323 729 1397 765 dux

123 792 315 829 Romanus
348 792 497 828 diversis
528 792 677 836 artibus,
710 791 962 828 misericordia
994 792 1168 828 adversus
1202 792 1397 840 supplices,

122 856 303 892 celeritate
319 855 491 892 adversus
507 855 693 904 profugos,
708 855 844 891 inmitis
865 855 907 891 iis
927 855 989 903 qui
1006 855 1164 892 latebras
1180 855 1397 900 insederant,

122 931 186 955 ora
212 926 247 955 et
270 920 388 955 exitus
415 931 590 966 specuum
617 919 810 955 sarmentis
835 918 1070 967 virgultisque
1094 920 1299 967 completos
1323 920 1397 967 igni

81 988 102 1015 4
122 983 248 1018 exurit.
303 989 414 1030 atque
447 983 548 1018 illurn
579 983 669 1018 fines
698 994 785 1019 suos
816 982 1136 1030 praegredientem
1166 984 1398 1019 incursavere

123 1044 255 1090 Mardi,
283 1045 479 1082 latrociniis
507 1045 656 1082 exerciti
681 1052 885 1094 contraque
914 1046 1184 1093 inrumpentem
1210 1046 1398 1082 montibus

122 1108 286 1153 defensi;
325 1121 419 1156 quos
453 1108 615 1145 Corbulo
654 1109 813 1145 inmissis
848 1109 998 1145 Hiberis
1029 1109 1178 1146 vastavit
1212 1110 1398 1147 hostilem-

121 1183 192 1220 que
213 1171 406 1208 audaciam
427 1179 579 1208 externo
599 1174 778 1219 sanguine
799 1172 895 1208 ultus
915 1178 980 1208 est.

174 1238 238 1271 24.
270 1234 354 1282 Ipse
378 1235 631 1282 exercitusque
658 1243 696 1270 ut
723 1235 829 1271 nullis
849 1248 894 1272 ex
922 1236 1060 1283 proelio
1088 1236 1243 1281 damnis,
1264 1237 1313 1273 ita
1335 1249 1400 1285 per

122 1297 285 1344 inopiam
319 1302 354 1332 et
384 1296 528 1332 labores
561 1296 788 1341 fatiscebant,
823 1308 932 1333 carne
966 1298 1149 1344 pecudum
1183 1298 1399 1346 propulsare

83 1367 104 1394 2
122 1359 259 1396 famem
288 1359 417 1395 adacti.
472 1359 519 1395 ad
550 1359 621 1396 hoc
653 1360 807 1407 penuria
837 1372 966 1408 aquae,
995 1360 1130 1397 fervida
1157 1369 1287 1406 aestas,
1318 1362 1399 1398 lon-

122 1424 261 1471 ginqua
302 1423 432 1459 itinera
474 1422 550 1458 sola
593 1422 696 1458 ducis
738 1424 913 1470 patientia
955 1424 1226 1471 mitigabantur,
1269 1425 1399 1461 eadem

84 1496 104 1524 3
123 1486 302 1534 pluraque
321 1486 493 1533 gregario
513 1485 626 1521 milite
653 1486 853 1523 tolerantis.
910 1493 1060 1523 ventum
1082 1487 1215 1524 dehinc
1235 1489 1271 1524 in
1299 1488 1399 1525 locos

122 1549 241 1585 cultos
269 1549 536 1597 demessaeque
566 1555 720 1596 segetes,
748 1556 781 1586 et
806 1562 851 1586 ex
879 1550 1024 1587 duobus
1048 1552 1215 1597 castellis,
1242 1553 1278 1588 in
1305 1564 1401 1601 quae

124 1612 366 1659 confugerant
394 1612 572 1656 Armenii,
601 1612 755 1648 alterum
783 1613 924 1660 impetu
949 1621 1123 1662 captum,·
1152 1616 1214 1663 qui
1244 1617 1401 1664 primam

83 1676 196 1712 4vim
233 1675 459 1723 depulerant,
497 1675 689 1712 obsidione
735 1684 929 1724 coguntur.
997 1678 1095 1715 unde
1136 1679 1173 1714 in
1212 1680 1401 1727 regionem

124 1739 407 1775 Tauraunitium
443 1745 702 1786 ‚transgressus
748 1740 973 1788 inprovisum
1021 1742 1224 1789 periculum
1270 1743 1400 1779 vitavit.

85 1811 105 1839 5
125 1814 211 1838 narn
239 1801 336 1837 haud
365 1802 495 1849 procul
524 1803 680 1838 tentorio
709 1804 786 1839 eius
812 1815 888 1839 non
914 1804 1086 1851 ignobilis
1117 1806 1292 1842 barbarus
1317 1818 1401 1843 cum

123 1865 196 1901 telo
226 1873 389 1913 repertus
417 1866 587 1902 ordinem
615 1866 829 1902 insidiarum
858 1879 972 1915 seque
1000 1875 1190 1905 auctorem
1217 1876 1253 1906 et
1281 1871 1404 1907 socios

124 1936 189 1975 per
221 1934 405 1965 tormenta
435 1929 557 1972 edidit,
592 1930 822 1977 convictique
856 1938 891 1966 et
925 1932 1041 1978 puniti
1072 1938 1155 1967 sunt
1185 1933 1248 1981 qui
1282 1934 1403 1981 specie

84 2002 106 2030 6
125 1991 305 2028 amicitiae
331 1992 459 2028 dolum
487 1993 676 2040 parabant.
732 2006 800 2029 nec
829 1994 944 2030 multo
970 2002 1053 2042 post
1080 1996 1190 2042 legati
1219 1996 1404 2044 Tigrano-

125 2061 223 2091 certa
257 2054 356 2090 missi
385 2062 509 2102 patere
543 2056 690 2091 moenia
722 2056 900 2101 adferunt,
936 2057 1097 2094 intentos
1136 2059 1324 2106 popularis
1357 2060 1404 2096 ad

125 2117 244 2153 iussa:
284 2117 393 2153 simul
422 2117 601 2165 hospitale
629 2118 779 2162 donum,
804 2131 980 2155 eoronam
1010 2132 1171 2165 auream,
1202 2123 1404 2159 tradebant.

88 2191 108 2221 7
125 2180 339 2227 accepitque
367 2192 452 2217 cum
477 2180 631 2225 honore,
653 2193 722 2217 nec
749 2182 948 2229 quicquam
977 2184 1056 2218 urbi
1085 2184 1298 2229 detractum,
1330 2198 1404 2233 quo

126 2243 332 2291 promptius
352 2244 571 2291 obsequium
595 2244 721 2291 integri
743 2245 947 2281 retinerent.

179 2310 242 2343 25.
272 2307 321 2342 At
340 2307 562 2354 praesidium
583 2307 761 2354 Legerda,
783 2308 885 2356 quod
904 2308 1007 2345 ferox
1029 2310 1194 2347 iuventus
1215 2311 1405 2358 clauserat,

1419 867 1457 889 10

1420 1184 1456 1216 15

1421 1500 1460 1522 20

1422 1820 1459 1850 25

1423 2133 1464 2164 30
