1674 2653
527 185 755 225 CORNELII
784 195 947 224 TAClTl
969 195 1238 225 ANAHLJUM
1287 185 1510 240 [must-811·⁸
1564 195 1573 203 ⁶

243 295 384 339 domos,
395 295 534 331 semina
548 294 638 330 arvis
651 294 841 331 intulerant
856 300 966 342 utque
983 295 1138 342 patrium
1152 295 1271 331 solum
1286 295 1512 339 exercebant,

242 369 328 394 cum
354 358 497 393 Dubius
523 358 660 400 Avitus,
682 363 832 405 accepta
859 370 879 393 a
907 358 1059 394 Paulino
1084 358 1281 405 provincia,
1308 357 1512 393 minitando

243 421 313 455 vim
344 420 565 464 Romanam,
595 420 664 455 nisi
694 420 932 456 abscederent
961 420 1063 456 Frisii
1087 427 1226 456 veteres
1255 420 1291 455 in
1320 420 1421 456 locos
1451 426 1512 455 aut

241 495 376 519 novam
414 483 538 519 sedem
567 495 588 518 a
617 482 773 519 Caesare
810 484 1042 531 inpetrarent,
1072 484 1227 531 perpulit
1255 483 1440 519 Verritum
1477 490 1512 519 et

207 557 222 588 5
243 545 461 594 Malorigem
486 558 611 594 preces
634 547 830 594 suscipere.
884 546 1110 594 profectique
1140 547 1300 582 Romam
1321 546 1409 582 dum
1433 546 1510 582 aliis
1528 553 1550 580 4

240 609 334 645 curis
360 610 537 646 intentum
564 609 752 648 Neronem
779 610 1025 658 opperiuntur,
1048 611 1140 646 inter
1165 621 1208 645 ea
1228 622 1322 657 quae
1348 610 1511 645 barbaris

239 679 466 708 ostentantur
494 674 670 710 intravere
700 673 853 722 Pompei
883 673 1075 717 theatrum,
1105 685 1180 721 quo
1219 673 1510 719 magnitudinem

239 736 366 784 populi
385 737 549 772 viserent.
605 737 674 773 illic
705 749 768 784 per
793 737 908 773 otium
936 735 1072 784 (neque
1099 737 1197 772 enim
1224 737 1369 772 ludicris
1394 736 1510 783 ignari
1529 742 1549 770 5

238 799 529 848 oblectabantur)
558 801 645 836 dum
675 812 889 836 consessum
919 811 1060 843 caveae,
1091 799 1300 835 discrimina
1328 799 1510 844 ordinum,

185 873 221 894 10
239 863 319 910 quis
351 875 472 910 eques,
508 864 568 899 ubi
607 870 754 899 senatus
792 869 1064 910 percontantur,
1099 862 1285 899 advertere
1327 862 1509 910 quosdam

237 925 336 961 cultu
375 934 527 962 externo
570 927 606 961 in
650 927 797 962 sedibus
841 932 1076 970 senatorum;
1123 932 1159 961 et
1201 926 1352 972 quinam
1392 925 1510 961 forent

236 990 444 1036 rogitantes,
475 996 669 1037 postquam
705 989 917 1025 audiverant
945 1000 1070 1024 earum
1109 988 1273 1036 gentium
1311 988 1437 1035 legatis
1473 988 1510 1024 id

236 1051 383 1088 honoris
400 1053 535 1096 datum,
557 1065 650 1100 quae
667 1053 794 1088 virtute
813 1059 849 1088 et
869 1052 1028 1088 amicitia
1048 1051 1220 1088 Romana
1239 1052 1508 1099 praecellerent,

235 1115 352 1151 nullos
368 1116 575 1152 mortalium
591 1116 703 1152 armis
717 1123 776 1152 aut
793 1115 863 1151 fide
879 1121 963 1151 ante
981 1115 1190 1151 Germanos
1208 1127 1286 1151 esse
1303 1115 1509 1151 exclamant

182 1190 216 1220 15
236 1179 567 1226 degrediunturque
601 1186 636 1215 et
673 1179 766 1215 inter
803 1185 924 1226 patres
953 1178 1162 1215 considunt.
1218 1178 1319 1226 quod
1356 1179 1547 1215 comitere

234 1254 255 1277 a
296 1242 494 1278 visentibus
538 1249 744 1290 exceptum,
785 1243 889 1290 quasi
935 1242 1094 1290 impetus
1140 1242 1279 1289 antiqui
1328 1249 1364 1278 et
1409 1243 1508 1278 bona

234 1306 438 1341 aemulatio.
495 1305 595 1342 Nero
623 1306 765 1342 civitate
801 1305 972 1341 Romana
1009 1306 1143 1341 ambos
1181 1305 1339 1348 donavit,
1371 1305 1506 1340 Frisios

233 1366 409 1402 decedere
452 1367 546 1414 agris
587 1367 699 1403 iussit.
752 1373 863 1417 atque
902 1366 969 1402 illis
1006 1367 1288 1413 aspernantibus
1327 1366 1543 1402 auxiliaris7

231 1441 344 1477 eques
372 1438 520 1478 repente
549 1430 735 1466 immissus
765 1429 1019 1466 necessitatem
1049 1429 1177 1474 attulit,
1203 1429 1317 1477 captis
1348 1429 1507 1465 caesisve

177 1507 214 1526 20
231 1495 292 1541 qui
312 1494 533 1540 pervicacius
553 1494 769 1529 restiterant.

283 1561 350 1594 55.
379 1556 540 1593 Eosdem
572 1568 679 1604 agros
709 1557 931 1604 Ampsivarii
964 1569 1199 1604 occupavere,
1234 1556 1383 1593 validior
1414 1569 1506 1604 gens

229 1633 304 1656 non
337 1620 450 1655 modo
486 1632 550 1656 sua
584 1621 700 1667 copia,
731 1620 794 1655 sed
827 1621 1075 1656 adiacentium
1106 1619 1324 1667 populorum
1356 1620 1505 1656 misera-

228 1685 339 1729 tione,
374 1683 458 1731 quia
486 1683 579 1730 pulsi
612 1695 632 1719 a
667 1683 826 1720 Chaucis
860 1691 894 1720 et
923 1684 1018 1719 sedis
1047 1684 1176 1730 inopes
1209 1690 1328 1718 tutum
1357 1683 1505 1719 exilium

227 1748 391 1783 orabant.
445 1747 642 1794 aderatque
684 1746 727 1782 iis
770 1747 888 1783 clarus
930 1759 994 1794 per
1033 1747 1112 1782 illas
1153 1753 1283 1794 gentes
1324 1753 1359 1783 et
1399 1747 1543 1783 nobis2

173 1823 207 1852 25
227 1822 375 1859 quoque
421 1810 524 1853 fidus,
568 1811 717 1846 nomine
764 1809 972 1854 Boiocalus,
1015 1810 1176 1845 vinctum
1223 1821 1263 1846 se
1310 1810 1505 1846 rebellione

227 1874 415 1910 Cherusca
444 1874 543 1908 iussu
573 1873 729 1908 Arminii
763 1873 934 1918 referens,
966 1885 1053 1908 mox
1084 1873 1246 1917 Tiberio,
1280 1873 1505 1909 Germanico

226 1937 379 1973 ducibus
412 1936 594 1984 stipendia
627 1936 815 1980 meruisse,
850 1942 885 1972 et
918 1936 1185 1984 quinquaginta
1224 1947 1405 1971 annorum
1439 1937 1506 1972 ob-

226 2001 352 2048 sequio
388 2000 424 2036 id
462 2011 610 2047 quoque
648 1999 859 2046 adiungere,
900 1999 1001 2046 quod
1038 2004 1189 2045 gentem
1227 2010 1332 2034 suam
1357 1999 1505 2035 'dicioni

226 2071 371 2100 nostrae
411 2063 601 2099 subiceret.
657 2073 731 2109 quo
775 2068 914 2098 tantam
956 2069 1096 2109 partem
1138 2062 1259 2109 campi
1300 2062 1427 2107 iacere,
1468 2062 1542 2099 in3

169 2141 207 2171 30
225 2139 337 2175 quam
357 2139 492 2174 pecora
511 2132 546 2162 et
565 2131 730 2161 armenta
750 2125 905 2160 militum
929 2125 1130 2173 aliquando
1151 2126 1504 2162 transmitterentur?

225 2197 408 2227 servarent
450 2201 538 2225 sane
576 2194 741 2236 receptus
783 2189 954 2236 gregibus
996 2188 1089 2224 inter
1128 2188 1318 2224 hominum
1358 2188 1544 2234 famem,4

224 2255 338 2290 modo
372 2265 417 2288 ne
451 2253 654 2288 vastitatem
689 2259 724 2287 et
760 2251 993 2287 solitudinem
1027 2251 1177 2286 mallent
1210 2263 1323 2299 quam
1364 2252 1504 2287 amicos

225 2317 393 2365 populos.
450 2316 723 2352 Chamavorum
752 2314 940 2362 quondam
968 2325 1012 2350 ea
1039 2325 1135 2357 arva,
1166 2326 1254 2350 mox
1285 2314 1501 2351 Tubantum
1521 2323 1541 2351 5
