1674 2653
488 183 720 214 CORNELII
749 184 913 214 TACJTI
935 184 1205 214 ANNALIUM
1256 176 1392 229 [A.1J.C.
1414 186 1485 224 815.

211 282 418 319 militonum
452 283 667 320 miserantes
697 295 743 320 ne
776 283 934 320 lacrimis
971 285 1121 333 quidem
1158 291 1386 332 temperare;
1428 284 1486 319 vix

212 358 299 392 prae
319 346 405 381 fletu
427 353 600 394 usurpata
620 346 873 383 consalutatio.
920 347 1126 384 decesserat
1146 353 1335 383 certamen
1350 347 1487 382 virtutis
1505 357 1527 384 6

210 415 245 444 et
271 410 423 445 ambitio
452 409 599 456 gloriae,
623 409 781 446 felicium
808 410 1001 446 hominum
1031 410 1221 447 adfectus:
1252 410 1330 447 sola
1349 409 1486 445 miseri-

211 471 338 507 cordia
356 472 509 517 valebat,
529 479 564 509 et
583 472 681 520 apud
701 473 864 509 minotes
883 474 1012 521 magis.

175 552 192 582 5
262 539 320 572 17.
350 534 499 572 Ducum
532 536 625 597 inter
657 548 695 572 se
726 537 844 572 brevis
875 549 996 573 sermo
1027 544 1172 574 secutus
1202 544 1265 582 est,
1296 537 1369 572 hoc
1398 536 1494 572 con-'

210 606 385 646 querente
402 599 473 635 iam
487 586 636 635 inritum
649 599 826 642 laborem,
844 601 1007 648 potuisse
1020 601 1156 636 bellum
1170 600 1257 647 suga
1271 600 1487 636 Parthorum

211 661 328 698 finiri:
368 662 427 698 ille
459 662 602 710 integra
633 664 776 711 utrique
813 671 944 700 cuncta
982 664 1194 712 respondit.
1238 668 1489 699 converterent

210 725 352 772 aquilas
384 731 419 762 et
452 726 565 763 iuncti
597 726 812 784 invaderent
841 727 1060 770 Armeniam
1089 728 1262 765 abscessu
1289 726 1489 773 ¹Vologesis
1515 759 1519 767 ,
1551 767 1560 780 ἢ

211 788 443 825 insu-,matam
500 787 576 826 non
602 801 646 826 ea
675 782 905 838 imperatoris
931 784 1066 826 habere
1091 771 1270 826 manshun
1299 789 1487 826 Corbulo:
1505 797 1526 825 2
1574 776 1578 781 ⁴

155 869 193 891 10
210 852 372 898 periculo
392 852 581 899 legionum
600 860 831 889 commotum
851 866 870 889 e
892 854 1080 901 provincia
1094 865 1309 900 egressu1n;
1339 852 1488 901 quando

210 915 247 949 in
267 915 406 951 incerto
421 915 625 952 habeantur
637 915 856 952 Parthorum
873 922 1038 961 conatus,
1062 915 1204 952 Suriam
1229 916 1485 963 repetiturum:

209 979 260 1013 sic
280 990 429 1026 quoque
449 979 629 1026 optimam
656 978 859 1015 Fortunam
886 980 1078 1023 orandam,
1106 986 1146 1015 ut
1165 979 1277 1027 pedes
1298 978 1487 1015 confectus
1505 988 1525 1015 3

209 1042 335 1089 spatiis
354 1042 524 1078 itinerum
537 1042 695 1078 alacrem
717 1049 752 1079 et
771 1042 940 1079 facilitate
958 1054 1175 1090 camporum
1191 1043 1487 1090 praevenientem

208 1105 369 1153 equitem
389 1105 662 1153 adsequeretur.
718 1106 817 1141 exim
835 1105 968 1142 Paetus
987 1118 1053 1153 per
1074 1106 1351 1153 Cappadociam
1371 1105 1486 1142 hiber·
1504 1113 1526 1141 4

153 1184 189 1215 ¹5
209 1169 329 1204 navit:
362 1174 399 1205 at
423 1167 620 1216 Vologesis
648 1169 695 1205 ad
722 1169 975 1205 Corbulonem
1001 1169 1102 1205 missi
1128 1170 1257 1213 nuntii,
1284 1169 1487 1205 detraheret

208 1232 357 1268 castella
377 1238 477 1268 trans
495 1231 710 1279 Euphraten
724 1244 959 1280 amnemque,
981 1238 1020 1267 ut
1041 1232 1141 1277 olim,
1160 1232 1322 1268 medium
1339 1232 1485 1268 faceret.

207 1295 265 1330 ille
297 1295 512 1331 Armeniam
543 1307 693 1343 quoque
727 1295 877 1331 diversis
909 1295 1098 1342 praesidiis
1129 1307 1282 1331 vacuam
1317 1295 1394 1331 fieri
1422 1307 1484 1331 ex·
1504 1303 1524 1330 5

206 1359 426 1406 postulabat.
501 1365 536 1395 et
572 1365 764 1406 postremo
806 1358 988 1394 concessit
1028 1370 1113 1402 rex;
1161 1358 1351 1405 dirutaque
1390 1370 1486 1406 quae

206 1422 421 1469 Euphraten
457 1422 550 1457 ultra
587 1421 876 1457 communiverat
914 1420 1088 1466 Corbulo,
1126 1428 1161 1457 et
1197 1421 1364 1456 Armenii
1407 1422 1485 1457 sine

151 1499 190 1520 20
208 1486 343 1521 arbitro
362 1473 476 1521 relicti
496 1491 590 1521 sunt.

257 1552 318 1585 18.
348 1548 396 1584 At
418 1548 562 1584 Romae
582 1554 734 1596 tropaea
754 1547 799 1585 de
823 1548 964 1585 Parthis
990 1560 1168 1596 arcusque
1190 1548 1313 1584 medio
1334 1548 1485 1595 Capito-

206 1611 268 1646 lini
287 1612 424 1647 montis
445 1612 677 1665 sistebantur,
694 1612 846 1671 deeieta
862 1612 909 1650 ab
920 1619 1059 1662 senatu
1078 1612 1228 1665 integro
1248 1611 1368 1647 adhuc
1391 1612 1486 1648 bello

206 1687 326 1723 neque
347 1682 424 1710 tum
444 1675 592 1718 omissa,
608 1655 697 1710 dum
710 1655 875 1722 aspectui
888 1662 1094 1711 consulitur
1115 1667 1235 1722 spreta
1252 1674 1486 1711 conscientia.

206 1739 295 1786 quin
318 1745 354 1774 et
379 1737 652 1774 dissimulandis
677 1749 797 1774 rerum
824 1745 1057 1773 extelmnalum
1081 1739 1176 1773 curis
1202 1737 1303 1774 Nero
1325 1738 1484 1774 srumen-
1502 1746 1523 1773 2

150 1813 187 1844 ²5
207 1809 283 1837 tuin
304 1801 419 1849 plebis
447 1807 620 1857 vetustate
634 1807 861 1848 corruptum
884 1801 921 1836 in
948 1800 1115 1836 Tiberim
1142 1801 1233 1845 iecit,
1256 1812 1330 1848 quo
1350 1801 1483 1836 securi-

205 1871 319 1901 tatem
347 1876 518 1900 annonae
549 1851 777 1900 sustentaret.
833 1864 934 1899 cuius
962 1864 1079 1911 pretio
1107 1863 1196 1899 nihil
1225 1864 1389 1899 additum
1417 1871 1482 1908 est,
1502 1872 1522 1899 3

205 1928 377 1976 quamvis
424 1928 601 1963 ducentas
646 1926 761 1962 ferme
801 1938 912 1962 naves
951 1933 1058 1974 portu
1104 1927 1141 1962 in
1188 1927 1281 1983 ipso
1312 1927 1485 1981 yiolentia

205 1990 432 2038 tempestatis
459 1997 493 2026 et
522 1996 670 2026 centum
700 1990 789 2025 alias
817 1989 944 2025 Tiberi
973 1991 1165 2026 subvectas
1192 1974 1361 2026 fortuitus
1389 1990 1484 2037 ignis

205 2053 480 2100 absumpsisset.
536 2053 599 2088 tris
627 2052 711 2088 dein
741 2052 965 2096 consulares,
993 2052 1035 2090 L.
1063 2052 1249 2096 Pisonem,
1274 2052 1524 2089 Ducenium4

147 2126 186 2156 30
206 2116 417 2159 Geminum,
447 2116 665 2163 Pompeium
700 2115 894 2151 Paulinum
923 2115 1162 2162 vectigalibus
1192 2115 1348 2162 publicis
1380 2126 1483 2161 prae-

205 2180 338 2227 posuit,
372 2190 456 2215 cum
488 2178 729 2214 insectatione
760 2177 926 2225 priorum
957 2177 1174 2224 principum,
1210 2177 1272 2224 qui
1309 2177 1483 2223 gravitate

204 2250 419 2289 sumptuum
443 2241 557 2276 iustos
585 2240 721 2275 reditus
747 2239 968 2275 anteissent:
999 2251 1038 2275 se
1064 2250 1231 2275 annuum
1252 2239 1483 2275 sexcentiens

204 2305 411 2341 sestertium
431 2304 481 2339 rei
501 2303 670 2350 publicae
688 2302 819 2350 largiri.

1402 507 1455 530 ἦν
1489 516 1556 534 02111
1596 503 1641 532 (Ὗ
