1776 2653
183 168 260 194 Aa).
281 154 349 207 56]
518 162 666 193 LIBER
692 161 798 193 XJJJ.
857 162 951 193 CAP.
984 158 1120 201 24-28.

182 269 343 311 agerent,
361 267 381 303 †
397 264 613 300 sententiam
628 276 755 299 eorum
771 264 1019 300 consultarent
1038 276 1081 300 ac
1101 263 1313 301 vei-herib&
1329 275 1459 299 manus

182 327 274 363 ultro
290 327 529 370 intenderent,
543 327 775 374 impudenter
791 327 845 362 vel
865 339 1026 374 poenam
1043 339 1147 362 suam
1165 326 1233 374 ipsi
1254 327 1458 362 suadentes.

141 401 161 429 3
181 390 269 438 quid
284 391 381 426 enirn
398 390 495 426 aliud
515 390 614 426 laeso
631 397 788 437 patrono
803 402 1019 426 concessum
1036 402 1147 438 quam
1164 395 1203 425 ut
1217 389 1459 426 centesimum

181 453 273 489 ultra
298 453 457 501 lapidem
485 454 521 489 in
548 466 650 490 oram
671 453 898 501 Campaniae
925 453 1093 489 libertum
1120 453 1281 500 releget?
1319 460 1459 489 ceteras

176 517 620 576 Wt
639 528 747 565 pares
773 528 877 553 esse:
916 517 1151 553 tribuendum
1174 516 1322 564 aliquod
1347 516 1456 552 telum
1478 527 1494 557 5

136 587 159 615 4
179 576 286 628 quod
314 569 436 629 sperni
469 586 638 629 nequeat.
695 592 763 616 nec
800 592 910 627 grave
948 592 1060 616 manu
1098 580 1218 616 missis
1255 592 1320 627 per
1361 579 1457 615 idem

139 650 159 678 5
178 645 398 692 obsequium
426 643 604 680 retinendi
635 644 849 687 libertatem,
879 655 944 691 per
976 643 1076 691 quod
1101 643 1263 679 adsecuti
1292 643 1384 679 sint:
1423 649 1458 678 at

178 708 372 744 criminum
400 707 615 744 manifestos
643 708 775 743 merito
805 707 851 743 ad
880 707 1088 743 servitutem
1118 706 1261 749 retrahi,
1290 713 1330 742 ut
1357 713 1458 742 metu

176 759 417 807 coerceantur
436 782 529 818 quos
550 771 727 807 beneficia
747 782 823 806 non
843 770 1086 806 mutavissent.

231 839 295 873 27.
325 826 581 871 Disserebatur
596 840 744 870 contra:
774 846 978 882 paucorum
994 834 1140 881 culpam
1161 834 1248 881 ipsis
1264 833 1457 870 exitIOsam
1479 845 1516 865 10

178 910 257 934 esse
278 898 424 943 debere,
447 897 1168 951 nrihifflncm'rdewgaffdum
1181 909 1190 942 ;
1229 898 1365 945 quippe
1386 898 1457 933 late

138 970 158 998 2
178 961 297 997 fusum
317 962 354 997 id
374 973 520 1009 corpus.
575 961 659 997 hinc
681 960 899 1009 plerumque
920 961 1045 1010 tribus,
1064 961 1240 1017 degn-ias,
1256 961 1457 997 ministeria

177 1025 456 1072 magistratibus
485 1031 520 1060 et
549 1024 815 1069 sacerdotibus,
848 1024 1017 1060 cohortes
1046 1024 1154 1060 etiam
1185 1025 1222 1059 in
1250 1025 1340 1060 urbe
1368 1036 1456 1060 con-

196 1088 354 1135 criptas;
396 1094 431 1124 et
468 1087 634 1135 plurimis
672 1088 848 1134 equitum,
889 1087 1074 1136 plerisque
1115 1088 1343 1124 senatoribus
1381 1100 1456 1123 non

49 1100 323 1242 gffiJu-nde
347 1152 526 1198 originem
548 1151 661 1187 trahi:
701 1151 730 1186 si
758 1158 1014 1199 separarentur
1034 1151 1201 1196 libertini,
1223 1151 1456 1195 manifestam
1478 1162 1513 1193 15

0 1191 254 1340 Vsore
275 1216 466 1262 penuriam
483 1215 741 1262 ingenuorum.
796 1226 873 1250 non
893 1213 1025 1250 frustra
1043 1215 1211 1258 maiores,
1233 1226 1318 1250 cum
1339 1215 1455 1261 digni-

175 1285 287 1314 tatem
318 1279 488 1314 ordinum
518 1278 730 1323 dividerent,
760 1277 964 1313 libertatem
994 1278 1030 1313 in
1060 1279 1248 1314 communi
1278 1278 1454 1326 posuisse.

135 1350 158 1377 4
176 1342 264 1389 quin
284 1349 319 1377 et
339 1353 451 1377 manu
471 1341 637 1377 mittendi
658 1341 748 1377 duas
769 1341 908 1389 species
925 1341 1117 1386 institutas,
1136 1349 1173 1377 ut
1193 1342 1455 1390 relinqueretur

175 1405 419 1452 paenitentiae
436 1411 496 1441 aut
517 1417 613 1441 novo
630 1405 809 1441 beneficio
829 1405 941 1441 locus.
987 1417 1081 1454 quos
1097 1406 1257 1442 vindicta
1276 1413 1453 1453 patronus

136 1476 250 1504 5non
292 1468 504 1512 liberaverit,
542 1468 638 1503 velut
675 1468 796 1504 vinclo
833 1469 1011 1505 servitutis
1054 1469 1206 1505 attineri.
1262 1470 1453 1517 dispiceret
1475 1481 1512 1502 20

175 1532 329 1580 quisque
358 1532 489 1568 merita
525 1532 701 1579 tardeque
731 1532 951 1568 concederet
979 1533 1079 1581 quod
1108 1533 1235 1569 datum
1272 1545 1347 1569 non
1376 1533 1451 1569 adi-

134 1602 156 1629 6
176 1602 343 1632 meretur.
400 1595 490 1631 haec
525 1596 703 1632 sententia
736 1595 856 1639 valuit,
887 1595 1104 1644 scripsitque
1134 1596 1272 1633 Caesar
1300 1598 1451 1639 senatui,
1499 1628 1502 1630 .

174 1659 342 1705 privatim
362 1658 614 1706 expenderent
642 1669 791 1694 causam
811 1659 1036 1703 libertorum,
1056 1660 1227 1707 quotiens
1247 1672 1268 1696 a
1288 1661 1452 1707 patronis

136 1729 155 1758 7
175 1728 435 1769 arguerentur:
465 1722 500 1757 in
523 1733 721 1758 commune
743 1721 828 1757 nihil
849 1722 1080 1769 derogarent.
1136 1735 1204 1759 nec
1231 1723 1345 1759 multo
1370 1730 1454 1771 post

174 1792 318 1833 ereptus
337 1786 469 1821 amitae
484 1785 634 1821 libertus
654 1785 755 1821 Paris
772 1786 878 1834 quasi
898 1786 973 1821 iure
989 1786 1092 1831 civili,
1109 1799 1185 1823 non
1207 1787 1283 1823 sine
1303 1787 1452 1823 infamia
1473 1798 1509 1829 25

174 1848 357 1896 principis,
379 1849 482 1885 cuius
502 1849 602 1884 iussu
621 1856 870 1896 perpetratum
891 1849 1126 1896 ingenuitatis
1146 1850 1318 1886 iudicium
1339 1856 1425 1886 erat.

226 1916 293 1948 28.
325 1911 503 1948 Manebat
530 1912 645 1948 nihilo
673 1908 796 1948 minus
825 1913 1008 1960 quaedam
1037 1913 1162 1961 imago
1191 1914 1241 1949 rei
1272 1914 1450 1961 publicae.

174 1987 260 2011 nam
280 1976 373 2011 inter
392 1975 592 2011 Vibullium
619 1983 825 2023 praetorem
843 1983 878 2012 et
906 1976 1024 2023 plebei
1043 1977 1229 2012 tribunum
1249 1977 1451 2013 Antistium

174 2045 295 2074 ortum
324 2046 521 2084 certamen,
553 2038 652 2086 quod
690 2039 919 2075 inmodestos
956 2039 1125 2076 fautores.
1156 2040 1375 2077 histrionum
1416 2048 1450 2076 et

134 2109 154 2136 2
174 2114 195 2138 a
222 2109 390 2149 praetore
419 2103 456 2137 in
485 2102 604 2138 vincla
635 2102 766 2138 ductos
796 2103 962 2139 tribunus
992 2104 1110 2139 omitti
1139 2104 1308 2140 iussisset.
1364 2116 1449 2140 con-
1470 2114 1510 2143 30

174 2166 373 2213 probavere
399 2173 529 2213 patres,
559 2165 725 2202 incusata
753 2166 901 2202 Antistii
930 2167 1084 2203 licentia.
1139 2167 1248 2203 simul
1277 2167 1449 2215 prohibiti

175 2228 309 2264 tribuni
338 2229 391 2264 ius
420 2236 630 2276 praetorum
658 2235 693 2264 et
715 2229 908 2265 consulum
933 2227 1139 2278 praeripere
1167 2237 1228 2266 aut
1248 2242 1377 2266 vocare
1404 2243 1449 2267 ex

135 2300 155 2327 3
175 2291 278 2327 Italia
297 2303 380 2327 cum
403 2291 868 2340 quibu-sssge-agiposset.
914 2293 1053 2343 addidit
1072 2293 1114 2328 L.
1131 2293 1216 2329 Piso
1237 2293 1450 2340 designatus
