1674 2653
510 181 739 214 CORNELII
768 181 933 212 TACJTI
956 180 1225 212 ANNALIUM
1274 172 1409 225 [A.U.c.
1430 181 1502 220 815.

281 291 350 324 48.
381 286 417 322 P.
442 285 564 321 Mario
584 284 626 319 L.
646 284 770 320 Afinio
790 283 1002 320 consulibus
1021 283 1199 319 Antistius
1219 290 1374 330 praetor,
1391 293 1503 330 quem

230 351 267 387 in
280 351 464 386 tribunatu
480 349 596 397 plebis
612 348 760 384 licenter
776 347 894 394 egisse
908 347 1120 391 memoravi,
1134 348 1314 394 probrosa
1330 345 1504 382 adversus

230 414 435 462 principem
473 412 635 448 carmina
674 410 846 446 factitavit
883 410 1115 458 vulgavitque
1154 409 1287 446 celebri
1324 409 1502 451 convivio,

232 478 321 514 dum
341 476 439 524 apud
461 475 647 512 Ostorium
670 473 867 521 Scapulam
886 473 1065 521 epulatur.
1121 473 1218 508 exim
1239 484 1260 508 a
1283 471 1505 508 Cossutiano
1522 482 1543 509 2

197 552 213 583 5
234 540 426 588 Capitone,
451 539 512 587 qui
542 549 656 585 nuper
686 537 911 573 senatorium
940 536 1106 572 ordinem
1135 536 1304 583 precibus
1333 534 1505 582 Tigellini

234 603 350 640 soceri
381 603 434 639 sui
472 607 672 649 receperat,
705 600 902 636 maiestatis
941 599 1081 635 delatus
1114 605 1175 635 est.
1233 605 1310 634 tum
1347 598 1544 645 primum3

233 670 404 701 revocata
422 675 465 700 ea
484 663 553 706 lex,
574 661 863 709 credebaturque
883 659 981 696 haud
1005 659 1156 708 perinde
1176 659 1326 695 exitium
1346 659 1507 694 Antistio

234 739 347 776 quam
374 725 583 774 imperatori
609 724 764 772 gloriam
791 724 928 772 quaeri,
956 730 994 759 ut
1019 723 1307 759 condemnatum
1334 734 1355 758 a
1381 728 1508 757 senatu

235 790 494 827 intercessione
532 788 724 824 tribunicia
759 787 869 823 morti
907 787 1092 822 eximeret.
1146 792 1181 822 et
1218 797 1302 822 cum
1341 785 1548 822 Ostorius4

183 870 219 891 10
236 854 325 890 nihil
363 852 543 889 audivisse
585 863 653 899 pro
700 850 910 886 testimonio
958 849 1117 892 dixisset,
1159 848 1318 884 adversis
1359 849 1509 884 testibus

236 917 436 960 creditum3
483 915 696 961 censuitque
742 913 869 948 Iunius
914 912 1092 948 Marullus
1135 912 1263 948 consul
1300 911 1512 958 designatus

237 979 472 1016 adimendam
510 989 572 1014 reo
608 984 816 1024 praeturam
858 975 1141 1022 necandumque
1178 987 1280 1011 more
1318 975 1508 1011 maiorum.

238 1043 367 1080 ceteris
404 1041 489 1077 inde
531 1040 827 1083 adsentientibus,
868 1038 1002 1074 Paetus
1047 1038 1226 1081 Thrasea,
1264 1038 1382 1074 multo
1426 1050 1510 1074 cum
1528 1046 1549 1075 5

238 1107 378 1143 honore
399 1104 567 1142 Caesaris
587 1110 622 1139 et
642 1103 817 1139 acerrime
838 1102 1016 1150 increpito
1044 1101 1213 1146 Antistio,
1236 1113 1311 1137 non
1331 1101 1511 1149 quidquid

185 1185 221 1217 15
240 1181 378 1206 nocens
397 1180 478 1204 reus
502 1167 579 1215 pati
604 1173 812 1209 mereretur,
834 1165 870 1201 id
895 1165 1044 1213 egregio
1071 1166 1139 1200 sub
1165 1165 1328 1212 principe
1354 1171 1388 1200 et
1414 1163 1513 1199 nulla

240 1232 455 1269 necessitate
475 1230 651 1267 obstricto
671 1229 812 1265 senatui
832 1228 1067 1264 statuendum
1088 1228 1275 1264 disseruit:
1305 1228 1511 1264 carnificem
1530 1238 1552 1266 6

239 1303 275 1333 et
293 1296 465 1344 laqueum
485 1294 627 1342 pridem
646 1293 792 1335 abolita,
813 1299 848 1328 et
867 1303 947 1328 esse
967 1303 1105 1339 poenas
1125 1291 1266 1338 legibus
1284 1291 1512 1333 constitutas,

240 1360 373 1407 quibus
398 1359 475 1394 sine
501 1357 664 1393 iudicum
693 1356 841 1392 saevitia
863 1361 898 1391 et
925 1361 1134 1402 temporum
1161 1354 1312 1390 infamia
1337 1352 1514 1401 supplicia

240 1424 533 1459 decernerentur.
588 1421 676 1468 quin
703 1420 739 1455 in
765 1419 884 1455 insula
911 1418 1107 1466 publicatis
1133 1418 1251 1460 bonis,
1273 1429 1347 1465 quo
1368 1417 1514 1463 longius
1531 1426 1552 1457 7

187 1502 224 1524 20
242 1492 387 1523 sontem
415 1485 527 1520 vitam
555 1484 734 1527 traxisset,
758 1494 803 1518 eo
832 1482 1000 1529 privatim
1027 1481 1256 1517 miseriorem
1282 1487 1317 1516 et
1345 1479 1515 1527 publicae

243 1548 457 1586 clementiae
478 1547 681 1582 maximum
701 1545 915 1592 exemplum
936 1544 1108 1580 futurum.

294 1617 364 1650 49.
394 1610 560 1647 Libertas
577 1610 762 1646 Thraseae
779 1608 961 1644 servitium
978 1608 1132 1643 aliorum
1147 1607 1252 1655 rupit,
1269 1614 1304 1643 et
1318 1613 1516 1654 postquam

243 1675 508 1713 discessionem
536 1673 665 1710 consul
694 1672 917 1721 permiserat,
945 1671 1099 1718 pedibus
1128 1670 1163 1706 in
1193 1671 1412 1706 sententiam
1440 1670 1516 1705 eius

244 1741 328 1784 iere,
348 1738 475 1786 paucis
496 1736 670 1784 exceptis,
692 1735 728 1771 in
749 1735 882 1783 quibus
908 1733 1117 1770 adulatione
1138 1733 1433 1781 promptissimus
1453 1733 1518 1768 fuit

188 1818 226 1849 25
244 1804 288 1840 A.
318 1802 498 1844 Vitellius,
525 1800 707 1848 optimum
735 1810 919 1846 quemque
946 1797 1064 1844 iurgio
1092 1797 1277 1832 lacessens
1302 1803 1337 1833 et
1365 1808 1517 1843 respon-

245 1866 345 1902 denti
361 1866 528 1908 reticens‚
543 1870 582 1899 ut
602 1862 733 1910 pavida
753 1862 900 1908 ingenia
917 1861 1046 1896 solent.
1103 1866 1139 1895 at
1158 1859 1328 1896 consules
1343 1860 1516 1907 perficere
1535 1870 1556 1899 2

245 1930 433 1965 decretum
462 1933 610 1963 senatus
638 1937 715 1960 non
744 1924 833 1968 ausi,
867 1923 911 1958 de
942 1934 1124 1958 consensu
1153 1922 1330 1969 scripsere
1358 1922 1518 1959 Caesari.

246 1993 303 2028 ille
335 1992 425 2027 inter
457 1990 637 2038 pudorem
670 1994 705 2023 et
738 1988 827 2022 iram
862 1991 1064 2029 cunetatuS,
1097 1992 1283 2032 postremo
1316 1986 1519 2032 rescripsit:
1539 1996 1559 2023 3

247 2055 346 2091 nulla
364 2054 493 2089 iniuria
518 2057 758 2100 provocatum
787 2049 985 2084 Antistium
1006 2048 1239 2095 gravissimas
1258 2048 1295 2083 in
1315 2049 1520 2096 principem

193 2134 231 2163 50
249 2117 489 2155 contumelias
517 2115 673 2158 dixisse3
704 2124 829 2149 earum
853 2112 1032 2147 ultionem
1051 2123 1072 2146 a
1097 2112 1259 2159 patribus
1285 2111 1518 2158 postulatam,

248 2189 283 2218 et
303 2193 370 2228 pro
389 2178 640 2226 magnitudine
657 2176 777 2212 delicti
798 2186 957 2222 poenam
974 2174 1080 2209 statui
1100 2186 1165 2221 par
1183 2173 1303 2209 fuisse.
1359 2180 1520 2210 ceterum
1537 2183 1561 2211 4

250 2257 298 2287 se,
321 2243 382 2290 qui
409 2241 633 2277 severitatem
660 2238 934 2274 decernentium
959 2237 1198 2283 impediturus
1220 2236 1331 2278 fuerit,
1353 2237 1520 2272 modera-

251 2307 390 2343 tionem
436 2316 512 2340 non
554 2302 768 2349 prohibere:
816 2306 1013 2336 statuerent
1058 2305 1096 2334 ut
1142 2299 1282 2342 vellent,
1324 2299 1448 2335 datam
1486 2306 1522 2336 et
