1674 2653
517 211 745 244 CORNELII
780 212 944 244 TACJTJ
967 213 1237 244 ANNALIUM
1286 205 1420 258 [A.u.c.
1440 215 1512 246 818·

292 318 330 351 8.
361 314 488 362 Ipsum
510 313 642 350 dehinc
664 313 829 350 Silanum
851 314 1031 363 increpuit
1051 316 1165 352 isdem
1185 317 1319 364 quibus
1344 323 1515 364 patruum

236 377 314 413 eius
330 377 576 425 Torquatum,
594 384 783 425 tamquam
804 378 1013 426 disponeret
1032 380 1105 415 iam
1126 380 1268 428 imperii
1288 392 1393 416 curas
1413 392 1515 428 prae·

237 440 434 487 ficeretque
453 441 655 477 rationibus
668 446 702 476 et
718 440 848 476 libellis
861 448 896 477 et
911 441 1074 489 epistulis
1094 442 1254 487 libertos,
1271 442 1394 479 inania
1407 442 1515 479 simul

237 509 271 538 et
292 502 402 538 falsa:
433 515 519 539 nam
541 502 686 540 Silanus
706 503 879 540 intentior
899 511 998 540 metu
1019 511 1052 540 et
1072 505 1183 541 exitio
1203 506 1323 552 patrui
1343 504 1389 541 ad
1409 517 1513 553 prae-

201 581 218 612 5
237 567 442 602 cavendum
462 567 650 603 exterritus
669 574 756 603 erat.
811 567 951 603 inducti
973 567 1127 615 posthac
1140 568 1320 604 vocabulo
1341 568 1515 613 indicum,
1532 577 1553 605 2

236 630 298 678 qui
319 630 355 664 in
377 629 569 678 Lepidam,
588 629 704 667 Cassii
724 642 888 675 uxorem,
912 630 1023 667 Silani
1043 631 1208 676 amitam,
1228 632 1409 668 incestum
1430 643 1516 667 cum

236 692 356 729 fratris
376 693 451 729 filio
471 701 507 730 et
526 694 623 731 diros
644 705 832 730 sacrorum
852 695 939 730 ritus
960 695 1224 742 confingerent.
1279 695 1516 731 trahebantur
1532 703 1553 732 3

236 763 275 792 ut
295 757 434 793 conscii
450 757 640 794 Volcatius
657 758 826 793 Tullinus
842 770 885 794 ac
902 757 1099 794 Marcellus
1116 758 1307 795 Cornelius
1327 765 1516 794 senatores

236 816 271 856 et
291 820 512 868 Calpurnius
527 821 687 858 Fabatus
702 833 815 870 eques
832 821 1025 858 Romanus
1039 835 1048 867 ;
1078 823 1140 870 qui
1157 822 1340 870 appellato
1356 822 1516 870 principe

181 897 219 920 10
237 883 433 920 instantem
453 885 733 922 damnationem
754 885 924 929 frustrati,
941 897 1030 921 mox
1049 885 1237 922 Neronem
1256 886 1352 922 circa
1372 897 1517 921 summa

237 948 372 984 scelera
392 948 591 984 distentum
611 949 715 996 quasi
735 948 897 984 minores
917 960 1074 985 evasere.

289 1015 326 1048 9.
356 1010 468 1047 Tunc
495 1011 667 1048 consulto
695 1018 846 1048 senatus
877 1011 1010 1049 Cassio
1039 1019 1074 1048 et
1105 1012 1233 1049 Silano
1258 1013 1366 1048 exilia
1393 1012 1518 1048 decer-

237 1081 392 1110 nuntur:
423 1075 468 1110 de
485 1073 626 1122 Lepida
640 1074 968 1111 Caesarstatueret.
1006 1075 1292 1124 deportatusque
1307 1076 1342 1111 in
1360 1076 1516 1111 insulam
1533 1086 1554 1115 2

238 1136 444 1173 Sardiniam
466 1137 626 1182 Cassius,
648 1143 684 1174 et
711 1145 880 1174 senectus
905 1138 983 1174 eius
1010 1138 1300 1185 exspectabatur.
1358 1137 1515 1183 Silanus,

182 1216 217 1248 15
237 1207 426 1249 tamquam
444 1200 595 1237 Naxum
611 1200 856 1246 deveheretur,
879 1200 1023 1238 Ostiam
1040 1209 1197 1245 amotus,
1218 1208 1299 1249 post
1315 1202 1515 1249 municipio

236 1264 404 1312 Apuliae,
422 1264 479 1301 cui
493 1275 631 1301 nomen
648 1263 798 1299 Barium
814 1271 878 1308 est,
899 1264 1089 1301 clauditur.
1132 1264 1202 1300 illic
1217 1265 1514 1312 indignissimum
1531 1277 1552 1306 3

237 1340 364 1364 casum
384 1328 566 1376 sapienter
585 1327 747 1364 tolerans
767 1340 789 1363 a
809 1328 1022 1364 centurione
1042 1328 1089 1363 ad
1105 1327 1257 1364 caedem
1273 1329 1388 1364 misso
1408 1329 1517 1364 corri-

237 1392 352 1439 pitur;
383 1391 623 1438 suadentique
648 1402 761 1427 venas
781 1391 1012 1438 abrumpere,
1038 1391 1204 1426 animum
1230 1391 1378 1438 quidem
1408 1391 1516 1427 morti

237 1455 458 1491 destinatum
474 1455 532 1499 ait,
552 1454 617 1490 sed
632 1466 709 1490 non
725 1454 907 1490 remittere
922 1455 1129 1502 percussori
1145 1454 1300 1501 gloriam
1316 1454 1515 1491 ministerii.

181 1535 219 1556 20
236 1525 271 1554 at
288 1518 452 1554 centurio
472 1518 638 1565 quamvis
658 1517 850 1561 inermem,
867 1517 1114 1564 praevalidum
1130 1524 1254 1552 tamen
1267 1524 1301 1552 et
1315 1517 1389 1553 irae
1404 1528 1517 1564 quam
1534 1530 1557 1558 4

236 1582 358 1618 timori
378 1581 590 1629 propiorem
610 1592 765 1617 cernens
783 1581 899 1628 premi
919 1592 940 1616 a
959 1580 1133 1616 militibus
1153 1580 1264 1616 iubet.
1308 1592 1376 1617 nec
1397 1581 1518 1617 omisit
1533 1592 1555 1622 5

239 1644 382 1681 Silanus
419 1644 536 1680 obniti
573 1650 607 1679 et
645 1643 832 1680 intendere
866 1643 970 1687 ictus,
1001 1650 1181 1691 quantum
1210 1644 1382 1679 manibus
1410 1643 1517 1680 nudis

237 1709 388 1753 valebat,
415 1707 534 1744 donec
552 1719 574 1743 a
600 1707 815 1744 centurione
841 1706 1050 1743 vulneribus
1077 1706 1236 1742 adversis
1265 1712 1453 1754 tamquam
1479 1707 1517 1742 in

235 1784 360 1819 pugna
379 1771 538 1808 caderet.

180 1848 218 1880 25
287 1838 351 1871 10.
383 1833 498 1869 Haud
517 1833 638 1869 minus
657 1839 827 1881 prompte
855 1833 895 1868 L.
916 1831 1032 1868 Vetus
1060 1843 1260 1880 socrusque
1286 1833 1365 1869 eius
1395 1832 1517 1868 Sextia

235 1904 272 1933 et
287 1897 431 1933 Pollitta
446 1896 518 1933 filia
531 1907 663 1933 necem
679 1897 834 1942 subiere,
852 1895 959 1931 invisi
979 1895 1135 1943 principi
1153 1902 1342 1942 tamquam
1361 1896 1517 1932 vivendo

237 1961 503 2008 exprobrarent
527 1959 760 1995 interfectum
786 1970 865 1994 esse
893 1958 1105 1994 Rubellium
1132 1958 1311 2002 Plautum,
1337 1970 1516 2006 generum

237 2022 280 2059 L.
301 2022 454 2059 Veteris.
508 2022 573 2058 sed
600 2022 742 2057 initium
770 2021 997 2068 detegendae
1024 2021 1192 2056 saevitiae
1220 2021 1387 2068 praebuit
1407 2022 1515 2057 inter-
1536 2028 1557 2055 2

237 2087 348 2122 versis
368 2085 513 2133 patroni
532 2086 641 2121 rebus
665 2084 711 2120 ad
732 2083 981 2121 accusandum
1003 2083 1274 2131 transgrediens
1295 2083 1515 2120 Fortunatus

182 2163 221 2193 30
237 2149 397 2193 libertus,
419 2148 559 2184 adscito
580 2147 743 2184 Claudio
770 2146 966 2190 Demiano,
987 2158 1099 2194 quem
1126 2147 1176 2182 ob
1195 2146 1332 2193 flagitia
1351 2147 1513 2182 vinctum

238 2224 261 2248 a
291 2211 425 2248 Vetere
462 2212 571 2248 Asiae
609 2222 676 2258 pro
714 2210 865 2246 consule
903 2210 1058 2245 exsolvit
1095 2208 1196 2245 Nero
1234 2209 1270 2244 in
1310 2209 1513 2257 praemium

239 2274 491 2311 accusationis.
547 2274 649 2322 quod
667 2274 730 2309 ubi
749 2273 939 2319 cognitum
963 2284 1038 2316 reo,
1059 2283 1173 2320 seque
1192 2279 1227 2308 et
1247 2272 1415 2307 libertum
1435 2272 1513 2319 pari
1528 2279 1550 2308 8

241 2344 337 2374 sorte
374 2339 562 2385 componi,
600 2337 819 2374 Formianos
856 2336 894 2372 in
927 2347 1036 2382 agros
1064 2335 1274 2382 digreditur.
1329 2334 1399 2370 illic
1428 2345 1512 2370 eum
