1674 2653
123 182 288 233 l³.1).61.]
476 188 622 219 LIBER
651 188 749 219 XIV.
808 188 904 219 CAP.
928 190 1065 229 25-30·

81 295 199 325 4non
229 290 339 335 enim,
372 296 410 325 ut
441 289 539 334 olim,
574 289 763 325 universae
801 289 964 336 legiones
1002 288 1279 325 deducebantur
1316 299 1401 324 cum

109 353 278 402 ‚tribunis
298 359 333 389 et
355 353 630 390 centurionibus
657 359 691 389 et
713 353 767 388 sui
791 355 964 400 cuiusque
993 353 1132 389 ordinis
1155 352 1338 394 militibus,
1363 358 1403 388 ut

123 428 308 453 consensu
328 423 364 453 et
390 417 536 453 caritate
558 429 634 452 rem
661 416 848 464 publicam
870 417 1066 459 efficerent,
1089 416 1153 452 sed
1172 416 1288 464 ignoti
1310 416 1402 451 inter

123 492 171 525 se,
201 481 350 516 diversis
380 480 586 528 manipulis,
619 481 695 516 sine
724 487 876 524 rectore,
907 481 985 516 sine
1019 480 1223 516 adfectibus
1252 479 1401 522 mutuis,

123 544 225 591 quasi
259 556 302 580 ex
337 544 410 579 alio
441 556 574 591 genere
609 544 816 580 mortalium
852 551 1003 592 repente
1032 544 1069 579 in
1098 555 1214 579 unum
1245 542 1398 587 collecti,
1419 554 1437 585 5

122 619 298 643 numerus
318 608 435 655 magis
455 619 567 655 quam
589 607 747 644 colonia.

174 674 237 707 28.
268 670 427 707 Comitia
469 678 681 718 praetorum
723 671 874 707 arbitrio
917 678 1065 707 senatus
1111 664 1236 707 haberi
1283 670 1398 714 solita,

122 735 299 782 quoniam
318 735 458 771 acriore
479 735 621 770 ambitu
647 742 868 779 exarserant,
889 735 1057 782 princeps
1084 735 1305 782 composuit,
1327 734 1398 778 tris,

83 806 103 833 2
123 798 183 845 qui
204 809 314 845 supra
334 809 528 834 numerum
552 799 732 846 petebant,
753 798 888 845 legioni
913 797 1172 846 praeficiendo.
1227 798 1400 845 auxitque

122 869 269 908 patrum
301 861 481 898 honorem
511 862 707 898 statuendo
735 869 784 907 ut,
815 862 878 910 qui
912 874 933 898 a
963 861 1110 909 privatis
1139 861 1321 897 iudicibus
1352 860 1398 896 ad
1421 873 1458 895 10

123 932 290 960 senatum
304 926 614 972 provocavissent‚
628 925 793 962 eiusdem
810 925 989 973 pecuniae
1009 924 1211 972 periculum
1228 924 1400 967 facerent,

122 988 225 1024 cuius
245 989 272 1023 si
294 988 357 1036 qui
383 989 641 1036 imperatorem
667 989 915 1037 appellarent;
943 1000 1032 1024 nam
1057 995 1166 1024 antea
1185 1000 1342 1023 vacuum
1362 987 1399 1023 id

82 1058 101 1085 3
122 1051 355 1100 solutumque
380 1064 502 1099 poena
522 1052 647 1089 suerat.
703 1052 774 1088 fine
801 1052 887 1088 anni
908 1051 1039 1088 Vibius
1067 1051 1260 1087 Secundus
1286 1062 1400 1099 eques

124 1114 317 1151 Romanus
346 1116 603 1152 accusantibus
632 1115 773 1152 Mauris
803 1104 1088 1164 repetundarum
1118 1114 1315 1161 dam-natur
1345 1122 1398 1151 at-

122 1191 192 1226 que
209 1178 313 1214 Italia
330 1179 495 1226 exigitur,
517 1191 562 1215 ne
583 1179 751 1227 graviore
771 1191 894 1228 poena
914 1179 1142 1224 adficeretur,
1160 1177 1258 1214 Vibii
1279 1177 1398 1226 Crispi
1419 1192 1455 1223 15

122 1242 239 1278 fratris
259 1243 390 1290 opibus
410 1243 544 1279 enisus.

173 1310 240 1344 29.
269 1306 477 1343 Caesennio
511 1306 623 1343 Paeto
657 1314 692 1343 et
726 1307 898 1343 Petronio
934 1307 1154 1355 Turpiliano
1187 1306 1399 1343 consulibus

121 1370 240 1418 gravis
265 1370 387 1406 clades
414 1370 451 1405 in
477 1369 664 1407 Britannia
693 1378 854 1419 accepta,
883 1371 919 1406 in
948 1383 1020 1419 qua
1044 1383 1163 1419 neque
1192 1371 1236 1406 A.
1265 1370 1398 1406 Didius

120 1419 319 1480 legatus,1it
332 1434 541 1478 memoravi,
557 1434 626 1470 nisi
638 1442 742 1483 parta
755 1436 961 1479 retinuerat,
970 1442 1005 1470 et
1018 1446 1208 1471 successor
1219 1434 1398 1469 Veranius

120 1497 275 1533 modicis
300 1497 514 1534 excursibus
543 1497 680 1534 Siluras
707 1498 914 1546 populatusy
936 1499 1025 1546 quin
1044 1498 1136 1534 ultra
1156 1498 1293 1534 bellum
1314 1508 1397 1544 pro·
1417 1510 1456 1531 20

121 1560 239 1606 ferret,
277 1568 396 1597 morte
433 1561 638 1609 prohibitus
668 1569 733 1606 est,
764 1574 912 1609 magna,
944 1562 1032 1598 dum
1065 1562 1163 1606 vixit,
1197 1561 1396 1598 severitatis

121 1623 229 1668 fama,
272 1626 451 1672 supremis
494 1626 700 1662 testamenti
744 1625 862 1662 verbis
905 1626 1115 1662 ambitionis
1160 1625 1395 1662 manifestus:

121 1688 258 1736 quippe
286 1688 401 1724 multa
433 1688 470 1724 in
508 1687 699 1725 Neronem
733 1689 942 1725 adulatione
976 1689 1115 1724 addidit
1148 1689 1395 1726 subiecturum

82 1761 102 1788 2
120 1753 152 1787 ei
181 1752 406 1799 provinciam
436 1752 557 1796 fuisse,
583 1753 612 1788 si
641 1752 790 1789 biennio
819 1753 989 1800 proximo
1018 1753 1177 1789 vixisset.
1233 1753 1395 1789 sedtum

121 1815 294 1851 Paulinus
323 1814 518 1851 Suetonius
547 1817 735 1852 obtinebat
769 1815 976 1861 Britannos,
1007 1816 1157 1852 scientia
1185 1816 1333 1853 militiae
1360 1823 1395 1853 et
1415 1826 1453 1857 25

120 1890 265 1915 rumore
293 1879 430 1927 populi,
460 1880 522 1927 qui
550 1879 739 1916 neminem
768 1880 846 1915 sine
875 1880 1020 1916 aemulo
1049 1880 1141 1924 sinit,
1172 1878 1395 1917 Corbulonis

120 1948 361 1985 concertator,
395 1949 636 1991 receptaeque
674 1943 871 1980 Armeniae
905 1944 1018 1980 decus
1057 1955 1213 1992 aequare
1248 1944 1395 1981 domitis

82 2018 102 2045 3
120 2005 363 2053 perduellibus
377 2007 540 2054 cupiens.
573 2006 680 2054 igitur
695 2007 849 2043 Monam
864 2007 1032 2052 insulam,
1048 2008 1177 2044 incolis
1189 2008 1346 2044 validam
1360 2015 1396 2045 et

121 2069 391 2116 receptaculum
411 2069 656 2117 perfugarum,
678 2070 827 2117 adgredi
848 2077 962 2118 parat,
984 2082 1170 2118 navesque
1196 2071 1396 2108 fabricatur

81 2143 104 2170 4
120 2132 231 2180 plano
250 2132 354 2168 alveo
379 2132 552 2168 adversus
577 2133 685 2169 breve
711 2140 745 2169 et
769 2134 959 2169 incertum.
1015 2134 1066 2170 sie
1093 2135 1226 2182 pedes;
1254 2135 1394 2182 equites
1412 2143 1453 2174 30

120 2194 212 2231 vada
231 2195 345 2231 secuti
364 2201 426 2231 aut
444 2195 588 2232 altiores
608 2196 701 2232 inter
719 2196 837 2232 undas
858 2197 1036 2232 adnantes
1054 2199 1158 2245 equis
1176 2198 1375 2235 tramisere.

173 2262 237 2295 30.
268 2257 395 2294 Stabat
424 2270 492 2305 pro
517 2258 620 2295 litore
649 2259 788 2296 diversa
815 2260 923 2304 acies,
949 2260 1064 2296 densa
1089 2261 1199 2296 armis
1225 2261 1393 2309 virisque,

121 2321 447 2357 intercursantibus
475 2321 642 2367 feminis;
684 2323 721 2358 in
749 2324 904 2359 modum
933 2323 1123 2360 Furiarum
1152 2332 1251 2360 veste
1278 2324 1390 2369 ferali,
