1674 2653
531 158 758 188 CORNELII
788 158 955 189 IACITJ
979 158 1247 188 ANNALJUM
1298 150 1429 202 [A.U.C·
1450 160 1521 190 812.

248 270 336 295 cura
362 259 477 295 levem
503 259 683 296 tumulum
710 259 860 307 accepit,
885 259 980 295 viam
1006 258 1142 295 Miseni
1169 265 1317 307 propter
1342 266 1377 296 et
1401 258 1521 294 villam

249 322 416 359 Caesaris
435 323 632 366 dictatoris,
647 334 741 371 quae
762 323 945 359 subiectos
965 323 1066 359 sinus
1085 322 1283 359 editissima
1301 329 1522 370 prospectat.

247 398 406 422 accenso
444 397 536 433 rogo
575 386 725 422 libertus
766 387 843 422 eius
880 391 1133 433 cognomento
1172 385 1339 422 Mnester
1373 398 1408 421 se
1444 386 1561 432 ipse4

248 448 341 485 ferro
362 450 545 496 transegit,
566 449 743 486 incertum
770 449 918 486 caritate
943 449 981 484 in
1001 455 1195 496 patronam
1220 460 1268 484 an
1288 455 1388 485 metu
1413 448 1521 484 exitii.

214 512 345 556 5hunc
384 513 438 548 sui
477 513 588 548 finem
627 512 761 549 multos
800 517 884 549 ante
921 523 1039 549 annos
1078 511 1281 548 crediderat
1319 511 1560 559 Agrippina5

248 582 603 624 contempseratque.
643 587 729 611 nam
744 576 948 612 consulenti
969 587 1077 623 super
1093 574 1244 611 Nerone
1258 574 1523 622 responderunt

249 638 425 675 Chaldaei
451 638 526 675 sore
553 645 591 675 ut
615 639 807 687 imperaret
834 646 1060 686 matremque
1086 638 1291 683 occideret;
1330 643 1439 686 atque
1465 637 1523 673 illa

251 704 259 719 ‘
273 700 435 738 occidat’
456 702 583 750 inquit,
607 705 615 720 ‘
631 702 717 738 dum
740 700 916 750 imperet.'

301 769 365 802 10.
396 764 467 802 Sed
505 778 526 802 a
563 765 721 802 Caesare
759 765 919 814 perfecto
958 766 1109 803 demum
1142 765 1275 802 scelere
1307 764 1523 813 magnitudo

198 840 234 862 10
253 829 329 865 eius
349 829 528 865 intellecta
548 835 611 865 est.
660 829 801 877 reliquo
818 830 935 865 noctis
954 830 1068 866 modo
1085 842 1149 878 per
1169 829 1351 865 silentium
1371 828 1523 871 defixus,

254 893 399 941 saepius
419 904 553 941 pavore
576 904 777 940 exsurgens
796 900 830 928 et
849 893 982 928 mentis
1001 893 1108 940 inops
1128 892 1249 928 lucem
1271 891 1526 939 opperiebatur

254 962 443 1004 tamquam
483 955 634 992 exitium
677 955 889 991 adlaturam.
944 962 1053 1002 atque
1093 966 1178 990 eum
1216 961 1365 990 auctore
1406 953 1524 989 Burro
1543 959 1563 986 2

253 1020 370 1067 prima
388 1019 639 1055 centurionum
662 1019 965 1065 tribunorumque
988 1018 1148 1054 adulatio
1173 1017 1220 1054 ad
1239 1029 1342 1065 spem
1362 1017 1526 1060 firmavit,

252 1082 502 1129 prensantium
534 1093 684 1117 manum
715 1082 1011 1129 gratantiumque
1040 1081 1142 1129 quod
1172 1081 1367 1117 discrimen
1401 1080 1525 1127 inpro-

197 1157 234 1191 ¹5
254 1145 370 1181 visum
389 1151 424 1180 et
442 1144 565 1180 matris
584 1144 724 1180 facinus
744 1144 927 1181 evasisset.
979 1144 1086 1180 amici
1108 1143 1240 1180 dehinc
1260 1143 1357 1180 adire
1378 1141 1523 1190 templa,
1543 1151 1562 1178 3

254 1215 289 1244 et
321 1213 453 1255 coepto
483 1207 655 1255 exemplo
687 1207 854 1255 proxima
884 1206 1109 1255 Campaniae
1143 1206 1340 1254 municipia
1371 1205 1525 1242 victimis

255 1278 290 1308 et
323 1271 564 1318 legationibus
601 1271 773 1307 laetitiam
811 1271 954 1308 testari:
1003 1271 1082 1318 ipse
1119 1270 1260 1306 diversa
1297 1269 1566 1306 simulatione4

252 1341 411 1370 maestus
430 1340 465 1369 et
484 1334 588 1382 quasi
614 1333 856 1370 incolumitati
883 1345 969 1370 suae
990 1333 1153 1369 infensus
1178 1345 1221 1369 ac
1240 1333 1349 1369 morti
1368 1332 1528 1380 parentis

253 1398 495 1434 inlacrimans.
550 1397 637 1445 quia
675 1404 798 1433 tamen
844 1409 930 1440 non,
978 1403 1018 1433 ut
1067 1397 1258 1433 hominum
1304 1397 1432 1440 vultus,
1480 1396 1527 1431 ita
1543 1401 1564 1430 5

201 1479 237 1501 20
254 1461 417 1498 locorum
454 1460 564 1497 facies
605 1467 802 1505 mutantur,
840 1461 1174 1508 obversabaturque
1215 1461 1325 1496 maris
1361 1460 1453 1496 illius
1493 1465 1527 1494 et

254 1525 400 1560 litorum
420 1524 538 1570 gravis
562 1529 730 1571 aspectus
750 1523 801 1572 (et
819 1529 923 1560 erant
943 1524 1006 1572 qui
1033 1523 1219 1559 crederent
1241 1523 1400 1559 sonitum
1420 1523 1527 1558 tubae

254 1587 406 1623 collibus
445 1586 581 1622 circum
622 1586 727 1622 editis
764 1586 1003 1635 planctusque
1044 1586 1184 1622 tumulo
1221 1586 1346 1622 matris
1383 1585 1526 1634 audiri),

255 1649 450 1697 Neapolim
487 1650 665 1685 concessit
696 1649 903 1697 litterasque
939 1649 985 1685 ad
1021 1657 1186 1685 senatum
1225 1649 1332 1692 misit,
1371 1659 1527 1697 quarum

256 1724 398 1749 summa
434 1718 510 1748 erat
542 1718 724 1759 repertum
763 1724 846 1747 cum
885 1712 979 1748 ferro
1019 1724 1274 1760 percussorem
1311 1711 1525 1759 Agerinum,

146 1817 157 1823 ‚
200 1791 237 1823 25
255 1789 300 1813 ex
337 1776 472 1812 intimis
503 1775 727 1822 Agrippinae
761 1775 905 1820 libertis,
938 1781 974 1812 et
1012 1775 1120 1811 luisse
1153 1787 1234 1811 eam
1267 1786 1407 1824 poenas
1438 1785 1527 1810 con-

256 1840 414 1883 scientia,
436 1839 538 1886 quasi
558 1838 674 1875 scelus
694 1838 900 1886 paravisset.

305 1908 360 1941 11.
389 1902 581 1938 Adiciebat
614 1902 769 1937 crimina
798 1901 943 1949 longius
973 1903 1138 1949 repetita,
1169 1901 1270 1951 quod
1302 1901 1526 1938 consortium

255 1966 397 2014 imperii
429 1965 678 2012 iuraturasque
716 1964 753 1999 in
789 1964 944 2000 feminae
977 1965 1087 2000 verba
1120 1964 1318 2011 praetorias
1356 1963 1526 2000 cohortes

256 2029 425 2075 idemque
451 2026 610 2063 dedecus
636 2033 782 2062 senatus
801 2033 836 2062 et
861 2026 987 2074 populi
1011 2028 1240 2074 speravisset,
1262 2038 1304 2062 ac
1328 2033 1526 2073 postquam

200 2103 240 2134 30
256 2091 385 2127 frustra
412 2090 534 2126 habita
563 2089 617 2133 sit,
638 2088 779 2125 infensa
804 2089 906 2124 militi
932 2090 1171 2137 patribusque
1200 2095 1236 2125 et
1263 2088 1360 2136 plebi
1388 2089 1526 2124 dissua-

257 2155 361 2190 sisset
389 2152 600 2189 donativum
629 2158 664 2187 et
692 2152 919 2199 congiarium
947 2152 1179 2199 periculaque
1207 2152 1290 2187 viris
1319 2151 1527 2186 inlustribus

257 2217 455 2252 struxisset.
509 2221 648 2262 quanto
681 2226 747 2250 suo
779 2214 903 2250 labore
935 2221 1197 2262 perpetratum,
1225 2226 1270 2249 ne
1303 2214 1563 2259 inrumpereta

257 2280 406 2322 curiam,
445 2289 490 2313 ne
529 2278 698 2322 gentibus
736 2277 893 2313 externis
930 2288 1107 2324 responsa
1151 2277 1262 2312 daret.
1317 2282 1523 2323 temporum
