1725 2653
527 195 759 227 CORNELII
787 196 952 227 TACITI
975 197 1242 227 ANNALJUM
1295 189 1518 241 [A.U.C.811.

243 295 441 332 honestum
461 297 636 332 animum.
692 297 830 345 quippe
857 304 973 333 matei
999 298 1085 342 eius,
1107 299 1232 335 aetatis
1253 310 1339 335 suae
1365 298 1519 336 feminas

247 360 341 408 pulcl
346 360 513 396 nitudine
533 372 814 408 supergressa.
802 361 954 405 <==··101iam
975 362 1106 409 pariter
1125 369 1159 398 et
1175 362 1332 398 sormam
1348 362 1520 416 dederat;
1546 390 1552 404 ,-

245 435 335 470 opes
355 423 558 475 claritudini
577 426 742 483 generis
743 425 979 478 sufficiebant
1034 438 1155 472 sermo
1176 426 1291 484 comis
1307 438 1375 462 nec
1385 414 1520 462 absur-
1543 416 1546 419 f

245 487 333 522 dum
353 487 474 535 ingeni
479 499 567 523 um:
597 470 814 524 modestiam
834 488 1015 536 praeferre
1035 496 1069 526 et
1088 473 1254 537 lascivia
1253 490 1465 535 uti.ra1us
1483 490 1521 524 in

209 560 226 590 5
245 550 430 597 publicum
444 562 623 598 egressus,
635 551 746 599 idque
760 552 875 588 velata
890 559 990 600 parte
1004 553 1087 598 oris,
1103 565 1148 589 ne
1162 553 1306 609 satiaret
1318 559 1518 610 aspectum,

245 612 300 648 vel
320 613 405 661 quia
430 614 482 650 sic
507 614 673 651 decebat.
730 615 847 651 famae
877 627 1080 664 numquam
1109 617 1278 664 pepercit,
1309 616 1459 652 maiitos
1486 623 1519 651 et
1537 620 1558 648 3

245 676 428 713 adulteros
464 690 541 714 non
571 674 831 726 ‘distinguenffi
871 691 990 727 neque
1019 680 1175 716 adfectui
1213 691 1281 716 suo
1310 686 1372 715 aut
1399 679 1519 715 alieno

245 741 418 786 obnoxia,
434 741 531 778 unde
548 732 680 778 utilitas
696 743 955 788 ostenderetur,
973 734 1260 779 illuclibidinem
1274 742 1521 779 transferebat.

245 803 352 850 igitur
384 810 557 850 agentern
588 816 670 840 eam
704 805 741 840 in
773 806 1010 841 matrimonio
1047 805 1152 840 Rufri
1191 805 1350 854 Crispini
1388 805 1560 853 equitis4

191 876 229 898 10
248 866 419 911 Romani,
449 879 494 903 ex
524 879 598 914 quo
625 867 738 903 filium
768 856 953 915 genuerat,
985 869 1086 905 Otho
1114 868 1263 916 pellexit
1302 869 1449 904 iuventa
1478 880 1520 904 ac

245 930 331 965 luxu
356 936 392 967 et
417 931 503 979 quia
529 931 832 979 flagrantissimus
855 933 891 968 in
920 932 1079 968 amicitia
1107 920 1267 968 Neronis
1295 931 1519 968 habebatur:

246 1006 314 1030 nec
334 1006 438 1031 mora
458 994 546 1043 quin
565 995 742 1032 adulterio
762 996 1040 1032 matrimonium
1060 997 1280 1045 iungere.tur

298 1061 365 1094 46.
395 1057 494 1094 Otho
511 1058 583 1094 sive
603 1070 727 1095 amore
747 1059 914 1095 incautus
934 1060 1080 1096 laudare
1101 1060 1257 1096 somnam
1281 1042 1520 1107 elegantiam-

246 1133 317 1169 que
339 1121 462 1157 uxoris
487 1122 585 1169 apud
612 1123 828 1170 principem,
850 1123 923 1160 sive
950 1129 990 1158 ut
1016 1123 1234 1159 accenderet
1259 1135 1315 1168 ac,
1336 1124 1364 1159 si
1390 1123 1519 1159 eadem

191 1192 227 1223 15
248 1184 382 1221 femina
401 1190 610 1232 poterentur
629 1185 665 1221 id
691 1198 842 1235 quoque
863 1187 1047 1223 vinculum
1068 1187 1270 1235 potentiam
1292 1187 1324 1223 ei
1351 1187 1519 1223 adiceret.

247 1260 356 1295 saepe
383 1248 524 1285 auditus
550 1255 603 1285 est
627 1261 853 1298 consurgens
878 1262 898 1287 e
924 1250 1090 1287 convivio
1112 1250 1290 1294 Caesaris,
1310 1262 1349 1287 se
1369 1250 1518 1298 quidem
1536 1255 1556 1282 2

245 1312 295 1347 ire
333 1311 379 1347 ad
416 1311 525 1357 illam,
556 1312 623 1348 sibi
651 1325 867 1349 concessam
896 1313 1063 1350 dictitans
1100 1314 1339 1358 nobilitatem,
1369 1313 1519 1361 pulchri-

246 1374 422 1420 tudinem,
469 1382 556 1412 vota
607 1377 774 1412 omnium
820 1384 856 1413 et
901 1377 1035 1425 gaudia
1080 1377 1246 1414 felicium.
1310 1376 1367 1412 his
1412 1383 1520 1424 atque
1538 1383 1558 1410 3

247 1438 380 1474 talibus
407 1434 651 1476 inritamentis
681 1452 757 1476 non
790 1439 902 1487 longa
934 1441 1118 1476 cunctatio
1152 1440 1403 1488 interponitur.
1459 1439 1522 1475 Sed

192 1517 231 1538 20
248 1508 401 1549 accepto
430 1502 530 1537 aditu
566 1502 741 1550 Poppaea
769 1504 927 1550 primum
965 1516 1031 1552 per
1068 1504 1320 1539 blandimenta
1357 1510 1392 1539 et
1428 1510 1522 1538 artes

248 1565 439 1610 valescere,
469 1565 645 1613 imparem
682 1566 845 1614 cupidini
884 1578 922 1603 se
960 1575 995 1603 et
1032 1567 1150 1603 forma
1181 1567 1340 1603 Neronis
1376 1573 1521 1613 captam

216 1619 222 1627 η’
249 1629 445 1674 simulans;
492 1641 581 1665 mox
623 1630 695 1665 acri
731 1630 804 1665 iam
850 1631 1025 1678 principis
1062 1643 1188 1667 amore
1225 1630 1273 1666 ad
1311 1630 1522 1677 superbiam

248 1700 400 1737 vertens,
448 1693 477 1728 si
522 1693 614 1728 ultra
664 1705 777 1729 unam
823 1694 1048 1741 alteramque
1099 1701 1247 1730 noctem
1303 1694 1521 1737 attineretur,

248 1763 401 1804 nuptam
429 1768 508 1793 esse
537 1768 575 1792 se
603 1757 782 1801 dictitans,
809 1769 877 1793 nec
905 1770 1014 1806 posse
1042 1758 1317 1794 matrimonium
1347 1757 1522 1801 amittere,

193 1833 229 1864 25
249 1820 451 1856 devinctam
480 1819 621 1856 Othoni
648 1832 712 1867 per
740 1833 857 1867 genus
881 1822 984 1866 vitae,
1014 1821 1114 1869 quod
1142 1833 1253 1857 nemo
1278 1821 1522 1868 adaequaret:

249 1884 351 1919 illum
379 1884 504 1936 animo
532 1889 567 1918 et
602 1883 701 1919 cultu
737 1885 1004 1931 magnificum3
1043 1884 1091 1919 ibi
1121 1896 1159 1920 se
1197 1895 1341 1920 summa
1373 1876 1563 1919 Tortuna4

249 1947 362 1994 digna
387 1933 523 1982 'viseret
570 1952 606 1982 at
635 1945 834 1993 Neronem,
866 1947 1005 1995 paelice
1041 1947 1173 1983 ancilla
1211 1952 1246 1983 et
1283 1946 1523 1985 adsuetudine

249 2011 361 2047 Actes
391 2010 612 2054 devinctum,
643 2010 731 2045 nihil
759 2023 778 2046 e
809 2011 1054 2049 contubernio
1094 2004 1210 2047 servili
1243 2010 1311 2045 nisi
1340 2011 1523 2045 abiectum

250 2081 284 2110 et
330 2073 518 2109 sordidum
564 2073 726 2109 traxisse.
800 2074 952 2110 deicitur
999 2074 1241 2109 familiaritate
1288 2081 1398 2114 sueta,
1442 2080 1523 2120 post
1541 2081 1561 2109 5

174 2148 232 2181 >30
250 2149 451 2184 congressu
480 2144 514 2172 et
542 2137 716 2172 comitatu
747 2137 856 2180 Otho,
886 2144 920 2173 et
951 2137 997 2172 ad
1026 2145 1266 2184 postremum,
1296 2148 1342 2172 ne
1370 2137 1407 2171 in
1435 2137 1524 2171 urbe

250 2201 453 2238 aemulatus
499 2207 628 2246 ageret,
677 2200 883 2247 provinciae
926 2200 1138 2235 Lusitaniae
1185 2199 1414 2251 praeficitur;
1463 2199 1524 2234 ubi

249 2277 365 2312 usque
395 2264 441 2299 ad
470 2263 586 2299 civilia
622 2275 722 2298 arma
752 2275 826 2298 non
856 2275 901 2298 ex
939 2263 1059 2310 priore
1096 2261 1246 2297 infamia
1286 2261 1349 2297 sed
1386 2263 1524 2309 integre

252 2335 449 2374 sancteque
468 2327 553 2374 egit,
574 2337 714 2373 procax
734 2326 796 2361 otii
815 2333 850 2361 et
871 2325 1060 2372 potestatis
1080 2324 1349 2372 temperantior.
