1674 2653
558 195 786 225 CORNELII
816 196 981 226 TACITI
1005 197 1272 227 ANNALJUM
1322 189 1457 242 [A.U.C.
1479 200 1550 239 817.

273 295 455 331 iaciebant
493 301 600 343 atque
638 307 719 331 esse
751 296 818 331 sibi
850 302 1039 332 auctorem
1072 297 1375 342 vociferabantur,
1408 299 1480 334 sive
1513 305 1551 335 ut

275 365 399 406 raptus
430 359 597 394 licentius
626 365 840 395 exercerent
868 371 931 395 seu
961 360 1073 396 iussu.

326 426 392 459 39.
425 422 483 458 Eo
506 422 542 457 in
563 429 727 469 tempore
749 421 850 458 Nero
877 423 977 458 Antii
1003 435 1117 471 agens
1147 436 1222 460 non
1248 431 1331 461 ante
1359 425 1396 460 in
1420 426 1551 461 urbem

274 497 460 532 regressus
479 491 534 521 est
554 497 664 533 quam
695 485 821 521 domui
847 486 934 531 eius,
956 498 1030 534 qua
1050 486 1230 522 Palatium
1259 495 1295 524 et
1322 487 1552 524 Maecenatis

239 562 256 592 5
275 549 399 585 hortos
424 549 712 591 continuaverat,
733 540 827 596 ign-is
855 549 1130 597 propinquaret.
1186 562 1305 598 neque
1326 557 1450 587 tamen
1474 551 1550 587 sisti

275 612 400 659 potuit,
416 612 503 660 quin
518 618 552 648 et
568 611 748 647 Palatium
763 618 798 648 et
814 612 945 648 domus
960 619 994 648 et
1010 619 1145 648 cuneta
1158 613 1293 650 circum
1309 613 1548 650 haurirentur.

276 675 340 711 sed
369 675 544 712 solacium
573 675 712 723 populo
743 676 936 712 exturbato
959 687 1002 712 ac
1031 676 1190 724 profugo
1214 688 1389 724 campum
1419 676 1550 713 Martis
1568 685 1588 712 2

275 751 318 775 ae
347 745 588 775 monumenta
617 739 814 786 Agrippae,
845 738 974 774 hortos
1005 739 1094 787 quin
1123 739 1233 775 etiam
1263 752 1350 776 suos
1378 740 1550 787 patefecit

275 809 309 838 et
343 802 514 839 subitaria
547 802 711 838 aedificia
744 802 931 845 exstruxit,
963 814 1058 849 quae
1091 803 1361 839 multitudinem
1398 803 1550 851 inopem

221 878 258 901 10
275 866 485 914 acciperent
503 879 511 910 ;
532 866 779 913 subvectaque
793 866 961 901 utensilia
975 867 1021 902 ab
1036 865 1138 902 Ostia
1152 873 1187 902 et
1200 867 1415 915 propinquis
1429 867 1549 902 muni-

274 927 377 974 cipiis
394 927 623 974 pretiumque
640 925 810 961 frumenti
831 927 1014 962 minutum
1027 938 1143 974 usque
1157 927 1203 962 ad
1223 933 1346 963 ternos
1365 939 1550 963 nummos.

274 1002 368 1038 quae
400 1001 629 1038 quamquam
660 989 852 1037 popularia
882 990 919 1024 in
949 989 1095 1025 inritum
1127 990 1321 1033 cadebant,
1352 991 1438 1038 quia
1468 1003 1548 1038 per·
1567 1000 1588 1027 3

274 1060 414 1089 vaserat
451 1064 576 1088 rumor
614 1053 694 1100 ipso
731 1059 896 1100 tempore
934 1052 1122 1100 flagrantis
1170 1053 1271 1088 urbis
1319 1053 1428 1089 inisse
1466 1065 1550 1089 eum

275 1116 513 1153 domesticam
535 1128 709 1152 scaenam
734 1123 769 1151 et
792 1116 968 1152 cecinisse
991 1116 1199 1152 Troianum
1224 1116 1419 1161 excidium,
1449 1128 1549 1164 prae-

219 1193 255 1224 15
275 1181 389 1217 sentia
409 1179 506 1215 mala
526 1180 674 1215 vetustis
696 1179 860 1215 cladibus
881 1179 1175 1216 adsimulantem.

326 1247 396 1280 40.
428 1242 541 1279 Sexto
561 1243 711 1278 demum
736 1242 793 1278 die
819 1242 917 1289 apud
945 1243 1037 1278 imas
1065 1242 1247 1290 Esquilias
1273 1243 1355 1279 finis
1379 1243 1549 1279 incendio

273 1306 401 1350 factus,
424 1306 580 1353 prorutis
600 1318 664 1353 per
690 1306 899 1341 inmensum
927 1305 1107 1350 aedificiis,
1129 1312 1167 1341 ut
1195 1307 1387 1342 continuae
1416 1307 1550 1342 violen-

274 1369 345 1405 tiae
377 1381 530 1416 campus
560 1376 595 1405 et
625 1368 720 1404 velut
753 1380 910 1405 vacuum
945 1369 1086 1405 caelum
1116 1376 1335 1405 occurreret.
1391 1369 1548 1406 necdum
1567 1377 1587 1404 2

273 1433 413 1480 positus
444 1439 573 1477 metus,
605 1437 640 1467 et
669 1432 772 1467 rediit
801 1431 889 1468 haut
917 1431 1030 1468 levius
1058 1443 1202 1467 rursum
1237 1423 1424 1478 grassatus
1454 1433 1550 1479 ignis

219 1511 257 1532 20
274 1495 404 1543 patulis
434 1495 551 1543 magis
579 1495 678 1530 urbis
706 1495 807 1536 loeis,
841 1506 960 1542 eoque
995 1502 1134 1541 strages
1171 1495 1366 1530 hominum
1404 1496 1549 1531 minor:

275 1559 425 1595 delubra
445 1558 555 1595 deum
579 1565 614 1594 et
633 1558 793 1605 porticus
820 1557 1032 1594 amoenitati
1054 1558 1196 1594 dicatae
1218 1557 1324 1593 latius
1347 1558 1549 1604 procidere.

273 1622 430 1670 plusque
450 1621 619 1657 infamiae
640 1621 676 1656 id
696 1621 908 1657 incendium
930 1620 1065 1665 habuit,
1087 1621 1173 1668 quia
1202 1621 1359 1667 praediis
1378 1620 1550 1668 Tigellini
1568 1628 1587 1656 3

273 1685 487 1721 Aemilianis
515 1690 752 1731 proruperat3
781 1683 1044 1732 videbaturque
1078 1683 1179 1720 Nero
1208 1684 1426 1720 condendae
1449 1684 1550 1720 urbis

274 1760 392 1785 novae
425 1755 460 1784 et
497 1754 748 1794 cognomento
786 1758 853 1782 suo
885 1744 1133 1794 'appellandae
1171 1747 1325 1794 gloriam
1364 1758 1549 1794 quaerere.

218 1825 255 1856 ²5
275 1812 410 1861 quippe
440 1812 476 1847 in
506 1812 675 1858 regiones
705 1811 998 1858 quattuordecim
1029 1810 1153 1846 Roma
1183 1810 1364 1854 dividitur,
1395 1822 1549 1859 quarum
1567 1816 1590 1844 4

274 1882 447 1923 quattuor
465 1876 628 1921 integrae
648 1874 858 1917 manebant,
874 1879 945 1909 tres
966 1873 1047 1909 solo
1068 1881 1175 1909 tenus
1192 1873 1378 1910 deiectae:
1409 1880 1550 1921 septem

273 1938 418 1986 reliquis
438 1949 556 1986 pauca
575 1943 755 1973 tectorum
776 1937 927 1984 vestigia
948 1943 1171 1983 supererant,
1190 1937 1310 1972 lacera
1330 1942 1364 1972 et
1380 1944 1550 1974 semusta.

325 2005 386 2038 41.
411 2001 599 2037 Domuum
617 2006 652 2035 et
667 2000 866 2035 insularum
881 2005 915 2034 et
929 1999 1160 2046 templorum,
1176 2011 1269 2046 quae
1284 1999 1437 2035 amisssa
1457 2006 1550 2044 sunt,

273 2076 468 2100 numerum
498 2063 587 2099 inire
608 2063 705 2098 haud
726 2069 937 2110 promptum
963 2062 1084 2099 sueoeit:
1114 2062 1177 2097 sed
1205 2062 1447 2098 vetustissima
1472 2062 1550 2098 reli-

218 2138 257 2168 30
274 2129 395 2175 gione,
417 2127 516 2174 quod
539 2125 683 2161 Servius
703 2125 847 2161 Tullius
874 2124 1016 2167 Lunae,
1043 2131 1077 2160 et
1103 2136 1238 2170 magna
1258 2136 1320 2159 ara
1339 2124 1549 2172 sanumque,

274 2202 368 2238 quae
397 2189 577 2238 praesenti
608 2187 761 2224 Herculi
789 2188 906 2223 Arcas
931 2186 1101 2222 Evander
1130 2193 1343 2230 sacraverat,
1367 2187 1550 2234 aedesque

277 2253 427 2288 Statoris
461 2251 557 2287 Iovis
595 2258 680 2286 vota
714 2249 876 2285 Romulo
911 2248 1131 2296 Numaeque
1166 2249 1264 2295 regia
1294 2255 1328 2284 et
1358 2248 1550 2284 delubrum

275 2315 410 2351 Vestae
441 2326 523 2350 cum
546 2313 743 2348 Penatibus
768 2311 892 2359 populi
915 2311 1076 2347 Romani
1106 2316 1255 2355 exusta3
1284 2310 1355 2345 iam
1382 2322 1471 2358 opes
1499 2317 1551 2347 tot
1568 2320 1588 2346 2
