1674 2653
542 180 771 211 CORNELII
800 182 964 213 TAClTl
986 183 1255 213 ANNALIUM
1305 174 1440 228 [A.U.C.
1461 185 1533 222 817.

260 278 462 315 simulacris
497 279 606 315 deum
639 281 675 316 in
705 282 857 317 modum
891 284 1037 331 templi:
1070 284 1193 320 medio
1221 284 1379 320 tribunal
1408 284 1533 320 sedem
1552 293 1573 321 5

260 342 423 377 curulem
462 349 496 378 et
535 344 640 379 sedes
677 345 834 392 effigiem
874 345 1034 383 Neronis
1072 347 1285 383 sustinebat.
1341 348 1388 383 ad
1421 357 1575 394 quam6

261 417 477 452 progressus
499 407 695 453 Tiridates,
718 410 833 445 caesis
853 422 897 445 ex
918 422 1021 447 more
1037 411 1202 455 victimis,
1225 410 1408 446 sublatum
1424 412 1535 458 capiti

260 468 430 504 diadema
462 469 612 517 imagini
646 471 809 516 subiecit,
840 473 986 520 magnis
1015 474 1112 521 apud
1145 481 1297 509 cunctos
1329 473 1536 508 animorum

225 546 241 576 5
261 531 432 574 motibus,
448 542 542 578 quos
562 532 720 577 angebat
745 532 852 567 insita
872 533 992 569 adhuc
1012 534 1127 570 oculis
1152 535 1377 571 exercituum
1398 536 1535 572 Roma-

260 606 393 630 norum
424 594 557 630 caedes
586 601 648 630 aut
676 595 831 631 obsidio.
886 603 922 631 at
953 608 1051 632 nunc
1081 608 1204 633 versos
1233 609 1361 634 casus:
1401 599 1534 634 iturum
1554 606 1572 635 7

260 657 451 693 Tiridaten
472 658 628 694 ostentui
649 659 832 704 gentibus,
854 666 994 706 quanto
1014 660 1135 695 minus
1155 671 1267 707 quam
1289 662 1474 708 captivum
1492 663 1504 698 ?

313 725 378 757 30.
410 721 562 756 Addidit
598 721 735 767 gloriae
774 720 937 757 Corbulo
975 723 1184 758 comitatem
1227 724 1453 772 epulasque;
1501 732 1536 760 et

260 785 439 831 rogitante
460 796 545 831 rege
572 796 712 827 causaS,
742 785 910 832 quotiens
934 797 1071 821 novum
1096 786 1230 833 aliquid
1253 787 1467 831 adverterat,
1497 795 1534 823 ut

206 859 242 880 10
259 848 359 883 initia
380 847 579 894 vigiliarum
606 860 670 895 per
690 849 941 884 centurionem
968 849 1138 893 nuntiari,
1167 850 1374 885 convivium
1401 851 1535 886 bucina

260 911 390 946 dimitti
410 917 444 946 et
464 917 640 947 structam
660 917 745 946 ante
769 911 943 958 augurale
970 923 1069 947 aram
1096 912 1241 948 subdita
1267 913 1344 948 face
1371 913 1533 955 accendi,

261 980 393 1010 cuncta
423 974 460 1009 in
489 974 608 1009 maius
639 974 807 1010 attollens
842 974 1082 1011 admiratione
1113 975 1219 1022 prisci
1249 976 1360 1011 moris
1388 975 1532 1013 adfecit.

260 1044 408 1084 postero
444 1037 501 1073 die
538 1037 695 1084 spatium
732 1039 854 1081 oravit,
894 1049 968 1085 quo
1007 1044 1150 1074 tantum
1193 1038 1328 1074 itineris
1370 1038 1572 1074 aditurus2

260 1101 386 1136 fratres
407 1108 490 1136 ante
510 1106 739 1148 matremque
760 1101 911 1145 viseret;
940 1100 1109 1137 obsidem
1129 1100 1268 1137 interea
1292 1101 1403 1137 filiam
1427 1102 1533 1137 tradit

204 1171 240 1202 ¹5
259 1164 466 1211 litterasque
486 1163 668 1211 supplices
689 1164 734 1199 ad
755 1163 958 1200 Neronem.

311 1231 366 1263 31.
395 1227 442 1262 Et
460 1226 647 1274 digressus
667 1226 848 1262 Pacorum
878 1227 976 1274 apud
1002 1226 1148 1271 Medos,
1174 1226 1386 1275 Vologesen
1411 1227 1532 1263 Ecba-

259 1291 353 1325 tanis
390 1289 559 1337 repperit,
596 1301 672 1325 non
706 1290 928 1325 incuriosum
960 1289 1102 1334 fratris,
1141 1290 1280 1338 quippe
1309 1296 1344 1326 et
1376 1290 1531 1338 propriis

259 1353 392 1388 nuntiis
425 1364 447 1388 a
476 1352 687 1389 Corbulone
726 1353 888 1400 petierat,
929 1365 973 1389 ne
1011 1365 1122 1400 quarn
1159 1353 1359 1400 imaginem
1397 1354 1531 1389 servitii

259 1415 439 1451 Tiridates
459 1415 632 1463 perferret
652 1427 722 1451 neu
743 1415 877 1451 serrum
898 1415 1056 1451 traderet
1080 1422 1142 1452 aut
1166 1415 1363 1462 complexu
1387 1416 1532 1463 provin-

204 1493 242 1514 20
259 1479 333 1515 cias
365 1479 608 1525 optinentium
641 1484 825 1514 arceretur
858 1478 1040 1514 foribusve
1068 1489 1196 1514 eorum
1225 1478 1424 1521 adsisteret,
1455 1485 1532 1514 tan—

259 1550 388 1590 tusque
422 1542 454 1577 ei
484 1542 627 1578 Romae
656 1548 815 1589 quantus
844 1541 1054 1577 consulibus
1087 1541 1207 1576 honor
1235 1548 1339 1577 esset.
1395 1541 1570 1577 sciliceta

257 1613 429 1642 externae
450 1605 644 1652 superbiae
665 1611 767 1640 sueto
788 1616 862 1640 non
884 1605 999 1640 inerat
1020 1604 1146 1640 notitia
1172 1606 1298 1648 nostri,
1320 1603 1418 1652 apud
1437 1615 1531 1652 quos

258 1670 310 1704 vis
330 1669 472 1716 imperii
493 1668 597 1711 valet,
620 1669 742 1703 inania
762 1667 1020 1703 tramittuntur.

310 1736 372 1768 32.
401 1731 544 1767 Eodem
565 1743 664 1766 anno
685 1730 822 1766 Caesar
843 1730 1012 1766 nationes
1032 1730 1181 1777 Alpium
1208 1731 1473 1766 maritimarum
1495 1731 1530 1766 in

204 1809 240 1841 25
259 1795 313 1831 ius
351 1794 445 1830 Latii
483 1793 670 1829 transtulit.
726 1793 888 1841 equitum
928 1792 1180 1829 Romanorum
1219 1793 1321 1829 locos
1360 1793 1568 1829 sedilibus2

258 1858 372 1905 plebis
393 1857 600 1904 anteposuit
627 1857 725 1903 apud
750 1857 909 1899 circum5
939 1867 1098 1902 namque
1127 1856 1173 1891 ad
1195 1867 1276 1891 earn
1300 1856 1397 1891 diem
1423 1856 1531 1892 indis-

258 1922 346 1956 creti
375 1921 526 1963 inibant,
558 1919 643 1966 quia
675 1919 732 1954 lex
766 1918 902 1954 Roscia
934 1918 1022 1953 nihil
1055 1918 1123 1953 nisi
1156 1918 1201 1953 de
1239 1918 1528 1965 quattuordecim

258 1984 448 2020 ordinibus
467 1982 596 2018 sanxit.
653 1981 860 2029 spectacula
879 1980 1120 2027 gladiatorum
1140 1981 1236 2016 idem
1262 1992 1381 2016 annus
1407 1980 1529 2016 habuit
1547 1986 1566 2013 3

258 2047 335 2094 pari
373 2045 646 2092 magnificentia
683 2056 726 2080 ac
763 2044 909 2091 priora3
957 2044 1023 2080 sed
1065 2043 1282 2079 seminarum
1323 2043 1529 2079 inlustrium

203 2122 242 2154 30
260 2114 543 2156 senatorumque
563 2108 683 2155 plures
707 2119 772 2154 per
791 2118 942 2142 arenam
961 2106 1097 2142 foedati
1123 2114 1217 2142 sunt.

311 2176 370 2209 33.
402 2170 442 2207 C.
475 2171 660 2206 Laecanio
694 2169 747 2205 M.
781 2169 923 2205 Licinio
957 2169 1169 2205 consulibus
1208 2169 1346 2205 acriore
1379 2169 1416 2204 in
1453 2168 1529 2205 dies

259 2235 428 2282 cupidine
461 2234 673 2280 adigebatur
707 2232 808 2269 Nero
841 2233 1043 2280 promiscas
1077 2243 1227 2267 scaenas
1260 2230 1526 2279 frequentandi.

259 2309 346 2333 nam
383 2297 502 2333 adhuc
533 2308 595 2344 per
629 2296 782 2332 domum
820 2301 881 2331 aut
917 2295 1043 2331 hortos
1076 2294 1258 2331 cecinerat
1293 2294 1527 2331 Iuvenalibus
