1674 2653
537 197 768 228 CORNELII
797 198 959 228 TAClTl
983 198 1253 228 AA'NALIUM
1303 189 1435 242 [A.U.c.
1457 200 1527 238 817.

303 301 367 333 36.
398 296 477 332 Nec
507 296 622 332 multo
651 304 745 344 post,
776 297 913 333 omissa
942 297 977 332 in
1008 309 1181 345 praesens
1209 297 1351 334 Achaia.
1379 296 1527 346 (causae

250 360 287 395 in
316 361 454 396 incerto
482 358 597 407 suere)
623 360 753 395 urbem
784 360 914 404 revisit,
944 361 1152 407 provincias
1173 361 1345 404 Orientis,
1367 361 1527 396 maxime

253 424 477 470 Aegyptum,
507 423 654 459 secretis
683 423 1008 470 imaginationibus
1038 424 1189 471 agitans.
1245 424 1378 460 dehine
1407 424 1527 460 edicto
1545 428 1566 455 2

251 486 463 522 testificatus
501 497 577 522 non
616 486 767 534 longam
817 487 871 521 sui
921 487 1125 522 absentiam
1163 493 1199 522 et
1234 492 1367 523 cuncta
1416 487 1452 522 in
1490 499 1527 522 re

215 549 398 596 5publica
427 549 578 596 perinde
612 549 766 585 immota
798 561 841 585 ac
880 562 1054 597 prospera
1094 550 1182 596 fore,
1218 562 1326 597 super
1362 562 1406 586 ea
1442 562 1527 597 pro-

252 612 407 648 fectione
437 612 522 648 adiit
551 612 789 660 Capitolium.
844 612 914 649 illic
937 620 1129 649 veneratus
1158 613 1260 657 deos,
1284 625 1369 649 cum
1393 612 1527 648 Vestae
1545 623 1566 651 3

251 687 400 723 quoque
427 675 604 723 templum
630 676 765 720 inisset,
787 683 938 724 repente
965 682 1124 729 cunctos⁴
1144 688 1210 724 per
1233 683 1331 727 artus
1357 683 1528 720 tremens,

252 751 316 776 seu
336 738 486 774 numine
506 746 722 783 exterrente,
740 751 805 776 seu
824 739 1030 776 facinorum
1050 740 1304 776 recordatione
1323 751 1528 788 numquam

252 803 381 838 timore
411 814 558 847 vacuus,
586 802 744 839 deseruit
772 803 972 851 inceptum,
999 810 1148 851 cunctas
1178 803 1245 839 sibi
1273 815 1378 854 curas
1402 815 1528 839 amore

198 878 235 900 ιο
252 867 391 914 patriae
429 865 580 902 leviores
617 861 799 903 dictitans.
855 866 985 903 vidisse
1023 873 1184 903 maestos
1228 866 1361 902 civium
1397 865 1526 911 vultus,
1545 854 1570 903 4Ἰ

252 929 378 965 audire
411 936 570 965 secretas
602 929 862 977 querimonias,
894 929 994 977 quod
1025 935 1166 965 tantum
1199 930 1337 965 itineris
1367 929 1528 965 aditurus

252 1000 358 1036 esset,
394 992 497 1028 cuius
527 1003 573 1027 ne
603 992 959 1040 modicoswquidem
996 1004 1166 1040 egressus
1198 992 1403 1036 tolerarent,
1438 993 1529 1028 sueti

252 1056 446 1092 adversum
483 1054 629 1091 fortuita
666 1062 816 1103 aspectu
852 1055 1028 1104 principis
1073 1055 1234 1092 refoveri.
1290 1067 1379 1102 ergo
1416 1062 1455 1091 ut
1492 1056 1566 1092 in5

251 1119 399 1167 privatis
420 1119 751 1156 necessitudinibus
775 1119 946 1166 proxima
964 1120 1120 1166 pignora
1146 1119 1403 1166 praevalerent,
1426 1120 1472 1155 ita
1491 1120 1528 1154 z'n

201 1195 235 1224 15
252 1196 291 1219 re
304 1183 447 1230 publica
470 1183 647 1230 populum
676 1182 890 1219 Romanum
918 1183 990 1218 vim
1015 1182 1211 1230 plurimam
1239 1182 1372 1219 habere
1398 1194 1528 1230 paren—

253 1247 416 1294 dumque
453 1246 633 1282 retinenti.
688 1246 778 1282 haec
816 1253 926 1294 atque
964 1246 1050 1282 talia
1087 1246 1185 1293 plebi
1223 1246 1380 1282 volentia
1417 1246 1568 1290 fuere‚6

252 1309 481 1357 voluptatum
501 1309 671 1356 cupidine
691 1316 737 1353 et,
759 1321 853 1357 quae
873 1310 1069 1357 praecipua
1095 1321 1182 1345 cura
1208 1316 1272 1353 est,
1295 1308 1344 1345 rei
1369 1308 1528 1345 frumen-

252 1373 365 1409 tariae
394 1373 590 1420 angustias,
622 1373 650 1408 si
679 1373 834 1417 abesset,
865 1372 1051 1408 metuenti.
1109 1379 1258 1408 senatus
1288 1379 1323 1408 et
1351 1373 1528 1419 primores
1546 1379 1566 1408 7

252 1437 288 1472 in
310 1437 450 1472 incerto
470 1442 584 1479 erant,
603 1435 734 1482 procul
753 1447 800 1470 an
820 1446 945 1471 coram
961 1435 1120 1471 atrocior
1135 1435 1353 1471 haberetur:
1384 1435 1528 1479 dehinc,

198 1513 236 1534 20
254 1512 348 1548 quae
385 1505 516 1535 natura
552 1499 697 1546 magnis
747 1498 951 1544 timoribus,
989 1498 1146 1534 deterius
1183 1497 1379 1534 credebant
1428 1498 1528 1546 quod

225 1563 228 1568 '
254 1570 433 1599 evenerat.

306 1630 371 1664 37.
401 1626 484 1674 Ipse
522 1638 596 1674 quo
634 1626 743 1662 fidem
793 1625 998 1674 adquireret
1047 1626 1137 1661 nihil
1174 1637 1332 1674 usquam
1379 1625 1528 1673 perinde

254 1689 390 1726 laetum
411 1689 490 1734 sibi,
511 1689 666 1736 publicis
686 1689 776 1725 locis
796 1696 932 1725 struere
953 1690 1117 1726 convivia
1137 1695 1286 1737 totaque
1307 1690 1395 1725 urbe
1424 1690 1527 1737 quasi

255 1753 370 1790 domo
392 1753 452 1788 uti.
508 1760 542 1788 et
564 1752 824 1788 celeberrimae
849 1752 938 1788 luxu
963 1752 1134 1800 famaque
1155 1752 1285 1800 epulae
1306 1752 1415 1796 suere,
1437 1763 1529 1799 quas
1546 1761 1566 1788 2

199 1831 235 1861 ²5
255 1829 276 1853 a
295 1816 483 1863 Tigellino
503 1822 647 1864 paratas
667 1822 706 1851 ut
730 1815 943 1863 exemplum
972 1815 1139 1859 reseram,
1160 1828 1206 1851 ne
1233 1815 1378 1862 saepius
1397 1815 1528 1851 eadem

255 1879 485 1928 prodigentia
514 1878 698 1914 narranda
726 1878 781 1914 sit.
836 1878 944 1925 igitur
975 1879 1010 1913 in
1044 1885 1177 1925 stagno
1206 1878 1393 1926 Agrippae
1420 1878 1527 1914 fabri·
1545 1888 1566 1916 3

254 1951 358 1980 catus
377 1949 431 1978 est
451 1948 576 1986 ratem,
598 1942 655 1977 cui
676 1941 948 1989 superpositum
969 1941 1177 1978 convivium
1198 1941 1346 1978 navium
1374 1941 1528 1977 aliarum

255 2013 368 2042 tractu
388 2011 604 2042 moveretur.
662 2016 773 2041 naves
784 2016 875 2040 auro
895 2011 930 2040 et
950 2005 1062 2041 ebore
1078 2004 1282 2049 distinctae,
1298 2004 1528 2052 remigesque
1545 2014 1568 2042 4

254 2069 387 2105 exoleti
419 2080 485 2116 per
517 2074 652 2104 aetates
685 2074 720 2104 et
749 2067 941 2104 scientiam
970 2067 1164 2103 libidinum
1197 2068 1528 2115 componebantur.

199 2145 239 2175 30
256 2133 422 2169 volucres
450 2139 485 2168 et
513 2131 606 2167 feras
635 2131 784 2168 diversis
808 2142 828 2167 e
851 2131 952 2167 terris
975 2138 1011 2167 et
1040 2131 1212 2166 animalia
1241 2131 1352 2166 maris
1375 2130 1528 2167 Oceano
1545 2139 1566 2167 5

256 2197 420 2243 abusque
448 2195 632 2242 petiverat.
688 2194 932 2241 crepidinibus
964 2195 1082 2241 stagni
1116 2194 1307 2241 lupanaria
1336 2193 1568 2230 adstabant6

256 2258 467 2295 inlustribus
504 2257 648 2294 feminis
685 2257 881 2305 completa,
920 2264 955 2293 et
991 2264 1119 2293 contra
1164 2264 1284 2293 scorta
1320 2257 1530 2292 visebantur

257 2321 364 2357 nudis
391 2321 617 2368 corporibus.
672 2320 744 2357 iam
776 2328 901 2367 gestus
934 2325 1130 2367 motusque
1164 2320 1335 2364 obsceni;
1365 2326 1400 2356 et
1430 2325 1528 2366 post·
1546 2326 1566 2356 7
