1674 2653
141 193 218 218 Aa).
238 179 308 232 64]
499 187 647 217 LIBER
674 186 750 216 XV.
807 186 902 216 CAP.
935 181 1073 226 36-38.

68 298 71 337 f
141 298 250 334 quam
269 287 449 323 <tenebrae
480 287 709 329 incedebant,
739 293 918 333 quantum
949 286 1046 321 iuxta
1076 284 1238 320 nemoris
1272 289 1308 320 et
1341 283 1408 319 cir-

67 341 69 383 i
99 361 122 388 8
141 350 319 385 cumiecta
341 356 432 385 tecta
451 360 657 385 consonare
677 355 786 384 cantu
807 355 840 384 et
860 348 1056 383 luminibus
1073 347 1282 383 clarescere.
1329 347 1407 394 ipse

139 423 204 459 per
231 412 326 448 licita
352 418 459 459 atque
488 412 623 447 inlicita
650 411 816 448 foedatus
844 411 931 446 nihil
962 411 1085 458 flagitii
1114 410 1307 458 reliquerat
1332 421 1407 456 quo

140 472 345 519 corruptior
365 478 497 518 ageret,
519 472 587 507 nisi
602 483 739 519 paucos
760 478 842 519 post
862 471 938 507 dies
958 472 1018 506 uni
1040 483 1084 506 ex
1105 470 1165 507 illo
1179 469 1405 506 contamina-

138 540 256 570 t01um
276 546 387 581 grege
408 534 560 581 (nomen
588 534 639 582 Ρ)
645 534 819 582 thagorae
840 533 921 581 suit)
941 534 978 569 in
1005 533 1157 569 modum
1185 533 1403 569 solemnium
1425 545 1441 576 5

84 634 85 637 ,
138 596 391 643 coniugiomm
407 595 648 643 denupsisset.

188 662 251 694 38.
283 657 450 704 Sequitur
470 655 602 699 clades,
625 655 715 692 sorte
735 668 781 691 an
802 655 890 704 dolo
910 655 1084 703 principis
1103 656 1281 692 incertum
1302 652 1404 704 (nam

136 727 331 767 utrumque
361 726 527 755 auctores
554 718 776 766 prodidere),
805 718 868 754 sed
894 718 1065 754 omnibus
1093 730 1187 766 quae
1215 719 1299 754 huic
1323 719 1403 754 urbi
1424 728 1461 750 10

137 795 202 831 per
238 783 446 819 violentiam
482 782 625 829 ignium
662 781 872 817 acciderunt
909 781 1055 829 gravior
1091 788 1200 830 atque
1237 782 1403 817 atrocior.

99 846 277 882 2initium
313 846 349 881 in
379 857 422 881 ea
456 851 557 892 parte
588 845 672 880 circi
706 851 836 888 ortum,
874 855 969 892 quae
1005 843 1170 880 Palatino
1207 844 1404 892 Caelioque

138 909 323 945 montibus
356 908 530 955 contigua
558 914 621 952 est,
652 908 714 943 ubi
743 919 807 955 per
836 908 1016 951 tabernas,
1049 908 1181 956 quibus
1210 907 1246 943 id
1274 908 1404 944 merci-

137 972 303 1008 monium
340 972 454 1007 inerat
487 982 560 1018 quo
593 971 742 1006 flamma
772 970 887 1019 alitur,
921 970 1028 1015 simul
1060 977 1211 1023 coeptus
1240 971 1334 1018 ignis
1369 977 1405 1006 et

139 1035 258 1070 statim
290 1032 429 1070 validus
463 1046 504 1070 ac
537 1041 645 1089 vento
679 1033 771 1071 citus
803 1017 1071 1080 longitudinem
1105 1034 1190 1070 circi
1222 1034 1402 1081 corripuit.
1425 1041 1459 1071 15
1512 1067 1515 1069 Α

100 1109 257 1146 3neque
294 1099 392 1134 enim
430 1097 561 1133 domus
597 1081 834 1134 munimentis
864 1105 1010 1145 saeptae
1039 1098 1093 1133 vel
1130 1097 1264 1145 templa
1292 1098 1404 1134 muris

99 1170 123 1198 4
142 1161 260 1196 cincta
288 1166 349 1196 aut
377 1160 463 1208 quid
492 1160 586 1196 aliud
614 1173 738 1197 morae
766 1161 1011 1197 interiacebat.
1065 1161 1201 1209 inipetu
1229 1173 1403 1209 pervaga-

139 1230 215 1259 tum
237 1223 446 1259 incendium
473 1223 582 1271 plana
611 1224 782 1270 primur-n,
804 1223 935 1259 deinde
959 1224 995 1259 in
1023 1224 1120 1259 edita
1144 1224 1346 1272 adsurgens
1371 1231 1405 1260 et

138 1297 261 1322 rursus
280 1285 448 1322 inferiora
476 1286 703 1334 populando,
723 1287 846 1322 anteiit
875 1287 1034 1322 remedia
1054 1287 1241 1323 velocitate
1260 1287 1346 1323 mali
1370 1294 1405 1323 et

138 1349 299 1401 obnoxia
336 1349 424 1399 urbe
455 1349 539 1385 artis
569 1349 758 1385 itineribus
795 1348 938 1396 hucque
976 1356 1012 1385 et
1048 1350 1129 1386 illuc
1159 1350 1260 1386 flexis
1297 1356 1403 1397 atque
1424 1359 1462 1380 20

20 1410 28 1419 ‘
48 1406 69 1415 κ’
98 1421 120 1450 5
139 1398 348 1448 enormibus
376 1412 473 1456 vicis,
503 1411 629 1462 qualis
651 1419 752 1448 vetus
783 1411 906 1448 Roma
934 1412 1009 1449 suit.
1064 1413 1110 1465 ad
1143 1413 1213 1451 hoc
1245 1413 1406 1449 lamenta

138 1475 349 1522 paventium
369 1474 599 1519 seminarum,
620 1466 714 1511 sessa
733 1481 851 1511 aetate
872 1482 932 1511 aut
948 1457 1046 1511 rudis
1066 1476 1239 1523 pueritiae
1259 1472 1403 1527 [aetas]‚

137 1537 272 1586 quique
302 1528 367 1574 sibi
396 1538 531 1586 quique
559 1537 636 1574 aliis
664 1538 912 1581 consulebant,
939 1538 1027 1574 dum
1055 1540 1201 1575 trahunt
1228 1539 1405 1576 invalidos

138 1607 199 1636 aut
225 1601 476 1648 opperiuntur,
503 1613 587 1649 pars
616 1612 729 1645 mora,
750 1613 833 1649 pars
862 1601 1047 1645 festinans,
1074 1609 1205 1639 cuncta
1230 1603 1404 1651 impedie-

97 1664 236 1700 obant.
291 1671 325 1699 et
365 1675 483 1711 saepe,
516 1663 603 1699 dum
633 1664 670 1700 in
709 1671 851 1712 tergum
889 1672 1104 1712 respectant,
1136 1666 1308 1702 lateribus
1344 1674 1404 1703 aut
1424 1676 1461 1709 25

136 1727 254 1763 fronte
283 1726 673 1771 circumveniebantur,
704 1727 758 1763 vel
788 1728 815 1763 si
845 1727 881 1763 in
910 1728 1083 1774 proxima
1111 1736 1310 1773 evaserant,
1337 1730 1404 1765 illis

137 1801 285 1837 quoque
314 1778 389 1835 igni
416 1789 601 1841 correptis,
619 1790 736 1837 etiam
765 1801 858 1837 quae
887 1790 1087 1838 longinqua
1115 1792 1343 1828 crediderant
1368 1793 1405 1828 in

99 1859 119 1889 ’1
138 1853 268 1889 eodem
316 1863 402 1888 casu
451 1840 691 1899 reperiebant.
748 1860 945 1900 postremo,
984 1854 1071 1901 quid
1118 1855 1271 1891 vitarent
1317 1855 1406 1904 quid

138 1922 302 1963 peterent
331 1915 503 1961 ambigui,
534 1915 718 1962 complere
744 1916 829 1960 vias,
857 1917 966 1952 sterni
995 1929 1061 1964 per
1089 1929 1216 1964 agros;
1256 1918 1404 1966 quidam

139 1978 280 2014 amissis
308 1978 478 2013 omnibus
507 1977 671 2022 fortunis,
701 1978 817 2014 diurni
842 1991 990 2027 quoque
1017 1980 1142 2024 victus,
1172 1981 1231 2016 alii
1258 1982 1405 2017 caritate
1425 1990 1465 2020 30

139 2052 300 2085 suorum,
330 2051 424 2088 quos
452 2041 587 2088 eripere
616 2042 864 2089 nequiverant,
895 2043 1062 2090 quamvis
1096 2049 1242 2090 patente
1270 2044 1406 2091 effugio

99 2104 314 2140 8interiere.
369 2115 437 2140 nec
465 2104 659 2151 quisquam
690 2103 885 2140 defendere
915 2105 1083 2150 audebat,
1112 2107 1248 2142 crebris
1276 2107 1406 2143 multo·

139 2178 218 2202 rum
238 2166 346 2202 minis
366 2166 590 2213 restinguere
615 2166 894 2214 prohibentium,
916 2174 951 2203 et
971 2168 1057 2214 quia
1077 2168 1134 2204 alii
1162 2169 1286 2216 palam
1309 2170 1406 2206 faces
