1674 2653
566 203 796 235 CORNELII
826 204 992 234 TACJTJ
1015 204 1281 234 ANNALJUM
1334 195 1467 247 [AM-C.
1489 204 1562 233 818.

283 305 519 350 lacerabatur,
553 311 742 353 tamquam
773 306 870 342 viros
899 306 1015 342 claros
1048 312 1083 342 et
1114 306 1279 342 insontes
1309 306 1358 341 ob
1388 305 1562 341 invidiam

284 374 345 404 aut
383 374 521 403 metum
559 368 781 403 extinxisset.
837 374 998 403 ceterum
1041 373 1212 415 coeptam
1252 367 1489 415 adultamque
1527 374 1601 405 et3

284 432 457 468 revictam
477 428 781 467 coniurationem‘
798 444 918 480 neque
940 439 1025 468 tunc
1052 432 1262 468 dubitavere
1283 433 1416 479 quibus
1436 443 1563 467 verum

284 494 463 531 noscendi
494 505 582 530 cura
604 501 689 539 erat,
719 501 755 530 et
784 494 953 539 fatentur,
981 495 1041 542 qui
1074 501 1158 542 post
1190 495 1372 530 interitum
1404 494 1566 531 Neronis

249 558 322 603 5in
359 558 488 593 urbem
525 558 679 604 regressi
718 565 812 593 sunt.
868 565 903 593 at
941 559 976 593 in
1011 565 1139 593 senatu
1176 558 1327 601 cunctis,
1366 565 1404 593 ut
1437 558 1606 605 cuique4

285 621 486 668 plurimum
516 621 705 664 maeroris,
739 621 775 656 in
809 620 1054 656 adulationem
1090 621 1269 665 demissis,
1302 621 1449 656 Iunium
1480 619 1567 656 Gal-

286 683 436 728 lionem,
454 683 616 720 Senecae
636 683 752 720 fratris
768 691 885 720 morte
902 684 1073 731 pavidum
1090 691 1122 720 et
1144 697 1211 732 pro
1232 696 1297 720 sua
1317 684 1567 720 incolumitate

288 747 503 794 supplicem,
526 747 704 794 increpuit
727 747 892 783 Salienus
919 747 1103 791 Clemens,
1127 748 1270 784 hostem
1289 754 1324 784 et
1351 747 1568 795 parricidam

287 821 436 854 vocans,
468 810 586 846 donec
621 822 805 846 consensu
838 817 982 858 patrum
1017 811 1209 847 deterritus
1242 818 1307 856 est,
1339 823 1384 846 ne
1415 810 1569 858 publicis

234 887 271 908 10
289 873 393 909 malis
438 873 538 909 abuti
587 873 633 909 ad
680 875 914 910 occasionem
961 874 1089 921 privati
1136 874 1208 910 odii
1259 873 1448 915 videretur,
1498 885 1568 909 neu

290 936 498 984 composita
526 942 586 972 aut
614 936 818 973 oblitterata
846 937 1127 973 mansuetudine
1156 937 1333 985 principis
1362 948 1496 972 novam
1525 935 1571 972 ad

291 1000 476 1036 saevitiam
497 999 708 1035 retraheret.

343 1066 407 1100 74.
438 1062 539 1098 Tum
588 1060 765 1114 [decreta]
815 1063 913 1100 dona
958 1071 993 1099 et
1037 1071 1158 1111 grates
1206 1065 1283 1101 deis
1329 1065 1572 1100 decernuntur

292 1127 535 1174 propriusque
568 1126 687 1163 honos
724 1126 809 1171 Soli,
841 1127 898 1163 cui
932 1133 985 1163 est
1014 1134 1116 1162 vetus
1147 1127 1256 1164 aedes
1289 1127 1389 1176 apud
1421 1127 1571 1169 circum,

237 1201 272 1232 15
293 1191 329 1225 in
359 1202 433 1238 quo
462 1190 604 1226 sacinus
633 1190 838 1237 parabatur,
869 1190 931 1237 qui
960 1190 1105 1226 occulta
1134 1191 1394 1227 coniurationis
1423 1190 1572 1226 numine

294 1255 501 1299 retexisset;
548 1260 661 1302 utque
698 1253 915 1290 circensium
954 1253 1162 1290 Cerealium
1196 1254 1377 1290 ludicrum
1409 1253 1573 1302 pluribus

296 1329 477 1366 equorum
515 1318 683 1353 cursibus
716 1318 959 1354 celebraretur
996 1318 1208 1366 mensisque
1245 1318 1380 1366 Aprilis
1414 1317 1573 1354 Neronis

296 1386 587 1428 cognomentum
627 1380 828 1427 acciperet;
882 1380 1060 1428 templum
1100 1380 1213 1417 Saluti
1252 1386 1494 1417 exstrueretur
1530 1391 1574 1416 eo

297 1444 380 1488 loci,
426 1456 471 1479 ex
518 1455 593 1491 quo
645 1443 842 1479 Scaevinus
889 1443 1023 1478 ferrum
1070 1450 1311 1491 prompserat.
1366 1444 1444 1491 ipse
1489 1453 1612 1480 eum2

242 1521 280 1542 20
297 1508 500 1556 pugionem
552 1507 651 1554 apud
702 1506 925 1553 Capitolium
978 1507 1130 1542 sacravit
1186 1507 1441 1554 inscripsitque
1496 1506 1575 1542 Iovi

298 1570 463 1606 Vindici:
507 1569 545 1605 in
578 1581 753 1617 praesens
783 1569 881 1605 haud
917 1569 1212 1605 animadversum
1243 1576 1326 1617 post
1359 1581 1461 1605 arma
1494 1569 1576 1605 Iulii

298 1633 464 1670 Vindicis
493 1633 539 1669 ad
567 1633 772 1680 auspicium
799 1639 834 1668 et
859 1633 1092 1680 praesagium
1121 1633 1257 1669 suturae
1284 1633 1431 1669 ultionis
1457 1632 1574 1668 trahe-

298 1699 412 1734 batur.
467 1696 607 1744 reperio
636 1696 674 1731 in
704 1696 979 1732 commentariis
1010 1703 1158 1732 senatus
1193 1695 1373 1732 Cerialem
1403 1696 1574 1732 Anicium
1592 1705 1612 1732 3

300 1759 490 1796 consulem
534 1759 764 1806 designatum
804 1770 872 1806 pro
911 1759 1091 1795 sententia
1133 1760 1278 1804 dixisse,
1321 1766 1360 1795 ut
1399 1759 1575 1806 templum

245 1835 281 1865 25
303 1823 386 1859 divo
424 1821 563 1858 Neroni
601 1833 712 1869 quam
752 1822 963 1857 maturrime
1001 1822 1146 1869 publica
1183 1822 1338 1869 pecunia
1370 1828 1574 1870 poneretur.

301 1887 400 1935 quod
438 1886 585 1934 quidem
623 1886 680 1922 ille
717 1886 936 1922 decernebat
973 1893 1160 1934 tamquam
1201 1887 1354 1922 mortale
1392 1886 1616 1933 fastigium4

300 1961 449 1997 egresso
475 1955 510 1984 et
529 1949 801 1984 venerationem
826 1949 1018 1985 hominum
1046 1950 1187 1994 merito,
1208 1950 1270 1985 sed
1292 1951 1362 1996 ryme
1378 1949 1574 1995 prohz'but'l,

301 2025 342 2048 ne
379 2013 657 2058 mter-prelatione
693 2011 925 2058 quorundam
962 2011 1008 2046 ad
1045 2023 1154 2047 omen
1195 2012 1333 2047 malum
1372 2012 1424 2047 sui
1461 2012 1577 2047 exitus

302 2081 521 2111 verteretur:
572 2086 658 2109 nam
695 2074 803 2109 deum
842 2073 961 2109 honor
998 2074 1153 2121 principi
1191 2086 1266 2110 non
1304 2080 1387 2110 ante
1424 2073 1577 2110 habetur

247 2157 288 2188 30
304 2150 416 2187 quarn
436 2149 544 2185 agere
564 2137 656 2173 inter
675 2137 844 2173 homines
863 2136 1019 2173 desierit.
