1786 2729
578 212 807 244 CORNELII
836 212 1001 244 TACJTJ
1022 212 1286 242 ANNALJUM
1340 203 1472 257 [A.u.c.
1498 213 1568 252 815.

306 315 482 352 audacia:
510 314 597 350 raris
624 313 761 361 sagittis
788 325 906 360 neque
934 313 1075 349 clausos
1101 318 1256 349 exterret
1284 319 1319 349 et
1345 319 1460 349 semet
1484 312 1570 349 frus-

305 385 428 414 tratur.
466 378 646 414 Adiabeni
668 389 752 413 cum
773 389 988 424 promovere
1009 377 1125 414 scalas
1145 383 1179 413 et
1199 377 1497 413 machinamenta
1516 377 1569 412 in-
1588 383 1610 411 6

306 442 479 489 ciperent,
500 441 603 477 facile
623 441 767 484 detrusi,
787 452 874 476 mox
897 441 1171 488 erumpentibus
1192 441 1323 476 nostris
1343 440 1552 477 caeduntur.

359 509 394 540 5.
425 504 587 540 Corbulo
614 510 747 547 tamen,
769 503 934 551 quamvis
954 503 1126 538 secundis
1147 504 1252 538 rebus
1273 503 1357 545 suis,
1377 503 1570 540 moderan-

271 579 288 610 5
307 565 393 600 dum
422 565 587 600 fortunae
620 571 718 599 ratus
752 563 847 598 misit
879 563 926 598 ad
958 563 1170 610 Vologesen
1203 563 1265 610 qui
1297 564 1570 610 expostularent

306 628 376 662 vim
404 627 609 674 provinciae
636 626 808 662 inlatam:
839 626 980 661 socium
1000 625 1231 672 amicumque
1251 637 1382 672 regem,
1404 625 1575 688 cohortes

308 691 499 726 Romanas
539 689 798 726 circumsideri.
853 689 1033 725 omitteret
1070 689 1190 736 potius
1228 688 1471 733 obsidionem,
1509 696 1571 725 aut

307 765 345 789 se
383 765 530 801 quoque
579 753 615 788 in
657 765 746 799 agro
785 752 904 788 hostili
945 759 1065 788 castra
1107 752 1319 798 positurum.
1375 752 1570 799 Casperius
1588 758 1608 785 2

307 816 471 852 centurio
498 816 532 850 in
560 827 641 851 eam
667 815 889 861 legationem
916 814 1077 850 delectus
1098 815 1195 861 apud
1216 815 1393 861 oppidum
1414 814 1570 859 Nisibin,

252 894 289 915 10
307 886 444 926 septem
459 884 494 914 et
513 879 658 925 triginta
678 878 823 913 milibus
843 889 1018 924 passuum
1038 889 1059 912 a
1075 877 1342 924 Tigranocerta
1362 877 1569 922 distantem,

307 942 393 977 adiit
418 953 542 988 regem
569 947 604 976 et
629 940 803 976 mandata
825 940 993 976 ferociter
1022 939 1145 976 edidit.
1203 939 1378 987 Vologesi
1407 946 1509 977 vetus
1536 948 1570 976 et
1588 947 1608 974 3

306 1005 447 1052 penitus
475 1004 628 1039 infixum
656 1010 731 1039 erat
764 1015 864 1038 arma
895 1001 1066 1039 Romana
1094 1003 1243 1047 vitandi,
1272 1015 1339 1039 nec
1367 1004 1571 1051 praesentia

306 1079 479 1115 prospere
507 1066 679 1102 fluebant.
734 1066 882 1102 inritum
910 1066 1106 1110 obsidium,
1132 1071 1230 1102 tutus
1255 1077 1368 1102 manu
1393 1073 1428 1102 et
1456 1067 1571 1114 copiis
1588 1071 1611 1098 4

306 1131 498 1177 Tigranes,
529 1129 641 1177 fugati
669 1129 731 1176 qui
759 1129 1071 1176 expugnationem
1101 1135 1343 1176 sumpserant,
1373 1130 1505 1165 missae
1533 1130 1571 1165 in

252 1207 286 1238 15
305 1193 519 1229 Armeniam
546 1192 720 1240 legiones,
749 1198 784 1228 et
810 1192 901 1228 aliae
927 1204 995 1240 pro
1022 1190 1126 1228 Suria
1151 1198 1301 1239 paratae
1320 1191 1414 1228 ultro
1434 1191 1569 1228 inrum-

306 1269 391 1304 pere
410 1268 419 1300 ;
448 1256 514 1292 sibi
535 1255 743 1292 inbecillum
764 1255 924 1303 equitem
944 1254 1068 1303 pabuli
1088 1255 1234 1303 inopia:
1263 1267 1350 1291 nam
1370 1262 1499 1291 exorta
1517 1256 1570 1291 vis

306 1320 527 1356 locustarum
559 1317 770 1367 ambederat
806 1317 984 1366 quidquid
1016 1317 1209 1354 herbidum
1245 1325 1306 1354 aut
1343 1318 1568 1354 frondosum.
1588 1338 1597 1347 κ

305 1383 410 1429 igitur
441 1388 541 1417 metu
569 1381 737 1417 abstruso
769 1380 913 1417 mitiora
945 1380 1160 1425 obtendens,
1193 1381 1390 1417 missurum
1424 1381 1471 1417 ad
1504 1382 1568 1416 im-
1587 1392 1608 1420 5

305 1451 512 1492 peratorem
534 1443 746 1480 Romanum
766 1443 907 1491 legatos
933 1454 1042 1491 super
1065 1444 1222 1491 petenda
1247 1444 1423 1480 Armenia
1449 1450 1484 1479 et
1510 1444 1568 1479 fir-

249 1521 288 1542 20
305 1508 441 1544 manda
462 1518 550 1555 pace
571 1506 778 1554 respondet.
837 1505 1043 1542 Monaesen
1067 1507 1232 1542 omittere
1263 1506 1569 1553 Tigranocertam

305 1572 412 1615 iubet,
433 1572 510 1618 ipse
530 1577 623 1605 retro
642 1569 819 1605 concedit.
1470 1562 1475 1563 ⁷

356 1639 391 1671 6.
422 1634 526 1669 Haec
560 1632 680 1680 plures
712 1637 751 1667 ut
783 1631 977 1668 formidine
1011 1633 1106 1680 regis
1139 1640 1174 1669 et
1207 1632 1430 1670 Corbulonis
1462 1634 1570 1670 minis

305 1704 444 1745 patrata
462 1708 505 1731 ac
525 1695 721 1741 magnifica
740 1695 984 1731 extollebant:
1014 1696 1073 1731 alii
1098 1696 1239 1732 occulte
1259 1697 1441 1744 pepigisse
1462 1697 1569 1732 inter-

303 1758 549 1806 pretabantur,
576 1763 615 1791 ut
641 1755 780 1791 omisso
807 1756 987 1803 utrimque
1010 1756 1106 1792 bello
1134 1763 1168 1792 et
1197 1757 1354 1793 abeunte
1383 1757 1568 1804 Vologese

247 1835 284 1866 ²5
304 1821 485 1867 Tigranes
510 1830 658 1866 quoque
684 1818 860 1854 Armenia
886 1819 1108 1855 abscederet.
1165 1831 1229 1855 cur
1248 1820 1346 1855 enirn
1369 1820 1568 1856 exercitum
1586 1828 1606 1856 2

304 1883 516 1920 Romanum
536 1893 557 1916 a
577 1880 853 1928 Tigranocertis
872 1881 1067 1917 deductum
1084 1884 1096 1918 ?
1126 1894 1188 1917 cur
1204 1883 1347 1919 deserta
1367 1894 1432 1930 per
1451 1882 1568 1918 otium

301 1957 397 1993 quae
425 1944 521 1981 bello
550 1943 811 1980 defenderant?
840 1955 887 1979 an
915 1944 1045 1998 melius
1072 1944 1316 1981 hibernavisse
1341 1945 1377 1980 in
1406 1952 1569 1981 extrema

302 2007 548 2055 Cappadocia,
567 2006 697 2054 raptim
717 2006 844 2042 erectis
858 2007 1020 2053 tuguriis,
1041 2019 1152 2055 quam
1173 2008 1209 2042 in
1229 2008 1314 2043 sede
1333 2008 1438 2054 regni
1454 2007 1567 2043 modo

301 2070 457 2106 retenti?
485 2069 596 2105 dilata
618 2080 768 2116 prorsus
796 2081 907 2113 arma,
937 2076 976 2105 ut
1004 2069 1208 2117 Vologeses
1240 2082 1324 2106 cum
1354 2070 1425 2106 alio
1453 2082 1566 2118 quam
1585 2078 1605 2105 3

245 2146 284 2175 30
301 2144 385 2168 cum
422 2131 634 2168 Corbulone
671 2138 832 2175 certaret,
872 2131 1034 2168 Corbulo
1070 2133 1219 2168 meritae
1258 2139 1309 2168 tot
1346 2144 1413 2180 per
1448 2137 1579 2168 annos

300 2195 437 2242 gloriae
453 2206 527 2230 non
544 2194 636 2230 ultra
655 2194 856 2241 periculum
876 2194 1018 2230 faceret.
1065 2206 1162 2239 nam,
1179 2201 1217 2230 ut
1230 2195 1357 2241 rettuli,
1378 2195 1565 2242 proprium
1583 2205 1605 2232 4

301 2258 431 2292 ducem
446 2257 603 2292 tuendae
619 2257 813 2292 Armeniae
827 2264 1056 2304 poposcerat,
1073 2264 1107 2292 et
1126 2258 1320 2294 adventare
1337 2257 1566 2293 Caesennius

302 2320 433 2355 Paetus
469 2319 693 2355 audiebatur.
748 2320 894 2369 iamque
930 2319 1066 2365 aderat,
1105 2320 1219 2370 copiis
1256 2321 1305 2356 ita
1349 2319 1481 2363 divisis,
1528 2325 1565 2354 ut
1582 2329 1603 2357 5
