1674 2653
143 198 219 224 Μ).
240 183 308 238 65]
502 190 648 224 LIBER
678 190 754 223 XV.
814 192 910 224 CAP.
943 196 1080 235 54-57·

101 303 123 331 6
143 300 271 330 testem
319 294 464 331 faceret.
521 294 630 330 adicit
672 294 776 331 dictis
823 295 1092 341 constantiam3
1141 295 1285 332 incusat
1325 295 1421 331 ultro

143 357 384 393 intestabilem
406 365 440 393 et
461 358 763 402 consceleratum,
786 364 886 394 tanta
909 359 1005 395 vocis
1025 370 1067 395 ac
1083 359 1201 395 vultus
1217 359 1421 402 securitate,

142 427 180 456 ut
208 421 345 457 labaret
373 421 557 464 indicium,
586 421 655 456 nisi
686 421 879 457 Milichum
909 434 1002 457 uxor
1028 422 1279 459 admonuisset
1304 422 1421 458 Anto-

143 484 244 519 nium
265 483 436 520 Natalem
456 485 573 521 multa
593 497 678 521 cum
701 485 880 521 Scaevino
902 497 944 522 ac
965 493 1106 522 secreta
1130 486 1368 523 conlocutum
1387 492 1422 521 et

142 559 222 583 esse
241 555 416 596 utrosque
437 548 478 584 C.
500 547 644 584 Pisonis
664 549 824 585 intimos.
1440 556 1457 586 5

195 615 259 647 56.
287 611 389 658 Ergo
410 612 547 648 accitur
568 611 722 657 Natalis,
744 618 780 648 et
801 612 932 649 diversi
955 613 1234 662 interrogantur,
1252 615 1419 662 quisnam

143 674 173 709 is
193 686 323 720 sermo,
346 687 419 723 qua
443 675 489 711 de
514 687 554 712 re
577 675 714 714 suisset.
772 682 851 711 tum
878 684 1005 713 exorta
1034 678 1204 725 suspicio,
1233 678 1319 725 quia
1346 689 1421 714 non

102 746 123 773 2
143 739 383 785 congruentia
403 739 682 787 responderant,
704 739 894 788 inditaque
913 740 1043 777 vincla.
1100 748 1135 777 et
1155 747 1421 777 tormentorum

142 809 331 850 aspectum
361 815 402 839 ac
430 803 549 838 minas
576 815 652 839 non
679 803 816 839 tulere:
850 804 950 851 prior
977 811 1102 840 tamen
1128 804 1279 849 Natalis,
1310 805 1421 840 totius

141 866 422 913 conspirationis
459 867 579 914 magis
616 878 762 914 gnarus,
807 867 915 903 simul
954 868 1132 916 arguendi
1174 868 1333 916 peritior,
1375 868 1419 904 de
1442 882 1479 903 10

143 929 276 966 Pisone
312 931 474 978 primum
507 930 648 974 fatetur,
683 930 815 967 deinde
855 930 963 966 adicit
993 932 1193 967 Annaeum
1229 931 1419 976 Senecam,

143 993 216 1029 sive
237 994 482 1029 internuntius
502 993 595 1029 inter
615 1006 701 1030 eum
722 993 970 1042 Pisonemque
995 994 1069 1039 fuit,
1091 996 1165 1031 sive
1192 1001 1230 1031 ut
1258 995 1420 1032 Neronis

141 1057 296 1104 gratiam
324 1063 479 1104 pararet,
500 1057 562 1104 qui
583 1056 747 1093 infensus
779 1056 939 1094 Senecae
968 1070 1099 1094 omnes
1120 1059 1167 1094 ad
1190 1071 1275 1094 eum
1297 1059 1419 1107 oppri-

101 1112 317 1156 3mendum
355 1128 449 1157 artes
487 1121 736 1168 conquirebat.
797 1127 875 1156 turn
912 1122 1062 1169 cognito
1099 1121 1241 1158 Natalis
1282 1122 1419 1158 indicio

142 1182 339 1220 Scaevinus
358 1195 507 1232 quoque
535 1184 611 1231 pari
639 1184 885 1229 inbecillitate,
913 1196 960 1220 an
992 1192 1126 1221 cuncta
1145 1186 1218 1221 iam
1238 1185 1418 1233 patefacta
1440 1198 1475 1227 15

98 1251 121 1279 4
139 1246 291 1283 credens
312 1260 379 1284 nec
401 1248 514 1283 ullum
543 1247 675 1282 silentii
700 1247 1007 1293 emolumentum,
1031 1249 1141 1284 edidit
1164 1256 1314 1286 ceteros,
1371 1261 1416 1284 ex

138 1310 272 1358 quibus
297 1310 471 1347 Lucanus
485 1310 782 1358 Quintianusque
803 1317 838 1347 et
862 1310 1018 1348 Senecio
1040 1312 1101 1347 diu
1122 1313 1304 1348 abnuere:
1335 1319 1417 1360 post

138 1374 320 1421 promissa
361 1374 564 1421 inpunitate
607 1374 781 1422 corrupti,
822 1386 896 1422 quo
937 1375 1143 1411 tarditatem
1187 1382 1414 1419 excusarent,

137 1435 312 1472 Lucanus
332 1437 486 1472 Aciliam
513 1443 666 1472 matrem
687 1449 805 1481 suam,
827 1437 1052 1481 Quintianus
1078 1437 1231 1474 Glitium
1252 1438 1413 1483 Gallum,

140 1499 294 1536 Senecio
334 1500 499 1535 Annium
537 1499 756 1545 Pollionem,
788 1501 992 1537 amicorum
1033 1502 1264 1550 praecipuos,
1298 1503 1414 1538 nomi·
1436 1515 1473 1537 20

137 1575 278 1600 navere.

190 1631 252 1664 57.
282 1627 404 1675 Atque
425 1627 568 1663 interim
589 1627 692 1664 Nero
711 1628 926 1665 recordatus
946 1629 1089 1665 Volusii
1115 1629 1259 1666 Proculi
1279 1630 1413 1666 indicio

135 1689 347 1737 Epicharin]
378 1691 520 1726 attineri
556 1697 728 1739 ratusque
759 1692 938 1728 muliebre
973 1704 1108 1740 corpus
1142 1693 1260 1740 impar
1295 1693 1411 1729 dolori

96 1763 116 1791 2
136 1754 328 1789 tormentis
350 1753 537 1790 dilacerari
567 1754 676 1790 iubet.
733 1761 769 1791 at
789 1755 886 1791 illam
917 1767 993 1792 non
1013 1756 1176 1800 verbera,
1191 1760 1274 1793 'non
1294 1757 1409 1804 ignes,

134 1828 211 1852 non
240 1817 293 1852 ira
326 1829 370 1852 eo
403 1817 520 1853 acrius
553 1818 812 1865 torquentium,
844 1830 890 1854 ne
920 1830 941 1855 a
972 1818 1109 1855 femina
1142 1827 1409 1867 spernerentur,
1431 1831 1467 1861 ²5

134 1880 315 1926 pervicere
349 1880 437 1927 quin
471 1881 615 1917 obiecta
649 1881 857 1928 denegaret.
915 1882 965 1918 sic
1003 1882 1142 1930 primus
1180 1883 1406 1930 quaestionis

94 1952 115 1980 3
133 1942 210 1978 dies
237 1949 481 1991 contemptus.
537 1950 686 1991 postero
715 1956 800 1980 cum
829 1945 877 1981 ad
904 1945 1057 1981 eosdem
1088 1946 1271 1982 cruciatus
1299 1953 1408 1982 retra-

132 2005 277 2042 heretur
309 2007 509 2054 gestamine
539 2007 646 2043 sellae
676 2005 779 2056 (nam
815 2008 1002 2044 dissolutis
1036 2009 1211 2045 membris
1241 2009 1407 2046 insistere

132 2068 333 2119 nequibat),
354 2069 475 2105 vinclo
496 2068 642 2113 fasciae,
663 2081 774 2116 quarn
796 2071 935 2118 pectori
955 2071 1172 2117 detraxerat,
1195 2073 1233 2108 in
1252 2073 1406 2108 modum

131 2130 253 2178 laquei
272 2131 319 2166 ad
345 2142 472 2166 arcum
502 2131 611 2166 sellae
632 2132 798 2168 restricto
826 2132 954 2169 indidit
980 2134 1160 2170 cervicem
1180 2140 1215 2170 et
1239 2135 1405 2182 corporis
1425 2147 1465 2176 30

131 2193 294 2241 pondere
332 2193 458 2229 conisa
495 2200 642 2229 tenuem
686 2195 759 2230 iam
806 2195 971 2242 spiritum
1019 2196 1206 2244 expressit,
1254 2197 1404 2234 clariore

130 2256 300 2303 exemplo
319 2256 484 2292 libertina
503 2256 632 2292 mulier
650 2257 687 2292 in
707 2264 808 2293 tanta
829 2259 1044 2295 necessitate
1065 2259 1204 2296 alienos
1225 2272 1267 2296 ac
1286 2273 1402 2308 prope

130 2319 278 2365 ignotos
303 2318 541 2367 protegendo,
570 2331 656 2356 cum
676 2320 825 2368 ingenui
853 2329 888 2357 et
915 2321 979 2357 viri
1008 2330 1043 2358 et
1074 2324 1215 2371 equites
1240 2322 1402 2360 Romani
