1674 2653
526 204 757 235 CORNELII
788 205 843 234 TA
852 205 951 234 ClTJ
975 205 1241 234 ANNALJUM
1293 196 1343 249 [A.
1353 210 1425 235 U.C.
1447 206 1518 244 819.

245 306 387 359 oderim
422 313 495 342 tani
534 306 693 352 segniter
731 312 935 353 pereuntes.
990 306 1040 341 ira
1077 306 1136 341 illa
1172 306 1365 341 numinum
1396 306 1433 341 in
1462 314 1558 342 res-'3

247 368 436 405 Romanas
474 369 547 412 fuit,
577 380 688 416 quam
726 381 811 413 non,
843 376 880 404 ut
916 369 953 404 in
991 369 1155 405 cladibus
1194 370 1418 406 exercituum
1457 374 1520 405 aut

245 433 453 480 captivitate
489 432 647 476 urbium,
687 432 797 468 semel
835 432 932 468 edito
969 433 1121 470 transire
1158 432 1251 469 licet.
1306 432 1411 468 detur
1449 431 1560 468 hoc4

245 496 447 531 inlustrium
484 497 643 532 virorum
673 485 892 543 posteritati,
931 503 970 532 ut
1006 508 1080 544 quo
1117 496 1232 532 modo
1278 496 1461 543 exsequiis
1498 507 1520 531 a

207 569 224 600 5
245 559 427 606 promisca
446 560 630 607 sepultura
656 568 882 607 separantur,
909 561 958 595 ita
986 560 1022 594 in
1048 559 1239 595 traditione
1265 569 1518 606 supremorum

244 622 422 669 accipiant
442 622 675 671 habeantque
695 624 881 671 propriam
901 623 1129 659 memoriam.

294 690 354 724 17.
385 685 528 723 Paucos
549 687 684 734 quippe
701 687 794 722 intra
810 687 886 722 dies
902 686 1033 722 eodem
1051 686 1197 733 agmine
1215 686 1389 722 Annaeus
1405 684 1518 728 Mela,

244 748 395 785 Cerialis
431 750 596 794 Anicius,
627 749 776 786 Rufrius
810 749 1012 797 Crispinus,
1042 749 1082 785 C.
1113 749 1304 785 Petronius
1342 749 1518 793 cecidere,

245 811 344 847 Mela
363 819 399 848 et
420 812 611 861 Crispinus
633 814 773 862 equites
796 812 957 849 Romani
984 813 1157 860 dignitate
1184 813 1378 848 senatoria.
1432 823 1518 848 nam
1536 821 1557 849 2

189 885 226 906 10
243 874 301 910 hic
327 875 514 922 quondam
540 875 746 923 praefectus
773 875 943 923 praetorii
971 881 1006 911 et
1033 875 1287 912 consularibus
1316 875 1520 923 insignibus

244 938 398 974 donatus
418 950 459 974 ac
479 950 595 986 nuper
613 939 762 975 crimine
783 938 1041 975 coniurationis
1062 939 1099 974 in
1127 937 1333 975 Sardiniam
1357 946 1518 982 exactus,

242 1007 394 1047 accepto
421 1001 540 1037 iussae
562 1002 688 1037 mortis
709 1002 838 1037 nuntio
865 1008 979 1038 semet
1006 1001 1192 1038 interfecit.
1249 1000 1361 1046 Mela,
1387 1002 1519 1050 quibus
1538 1010 1558 1037 3

242 1063 364 1100 Gallio
401 1070 435 1100 et
476 1063 616 1101 Seneca
645 1065 857 1112 parentibus
895 1072 1012 1108 natus,
1041 1065 1214 1112 petitione
1243 1064 1427 1100 honorum
1455 1066 1520 1100 ab-

243 1126 417 1163 stinuerat
444 1139 509 1174 per
534 1128 776 1164 ambitionem
806 1134 1091 1176 praeposteram,
1118 1134 1157 1163 ut
1185 1139 1297 1175 eques
1327 1128 1520 1163 Romanus

188 1200 223 1231 15
243 1190 496 1227 consularibus
510 1192 671 1238 potentia
688 1198 922 1239 aequaretur;
953 1191 1060 1227 simul
1076 1191 1325 1239 adquirendae
1341 1191 1520 1238 pecuniae

242 1254 386 1289 brevius
412 1254 478 1290 iter
504 1254 674 1290 credebat
700 1267 765 1302 per
794 1255 1071 1303 procurationes
1097 1254 1394 1291 administrandis
1421 1255 1519 1302 prin-

241 1317 332 1363 cipis
368 1318 534 1365 negotiis.
590 1318 687 1354 idem
716 1318 913 1354 Annaeum
943 1317 1138 1353 Lucanum
1166 1324 1352 1364 genuerat,
1381 1317 1518 1364 grande
1536 1324 1559 1351 4

241 1379 496 1417 adiumentum
512 1380 746 1417 claritudinis.
802 1393 876 1428 quo
894 1380 1085 1417 interfecto
1101 1380 1188 1416 dum
1206 1391 1284 1416 rem
1304 1380 1519 1416 familiarem

240 1442 316 1478 eius
337 1444 464 1479 acriter
483 1444 639 1491 requirit,
661 1450 914 1481 accusatorem
940 1443 1095 1480 concivit
1116 1442 1271 1478 Fabium
1293 1443 1517 1487 Romanum,

184 1517 223 1539 20
240 1517 283 1541 ex
304 1506 438 1543 intimis
458 1506 599 1543 Lucani
618 1508 756 1544 amicis.
808 1507 922 1542 mixta
942 1507 1032 1542 inter
1051 1513 1192 1555 patrem
1219 1506 1404 1555 filiumque
1430 1519 1517 1542 con-
1536 1517 1556 1544 5

240 1570 430 1606 iurationis
458 1571 609 1607 scientia
638 1570 796 1617 fingitur,
827 1570 1043 1606 adsimilatis
1073 1568 1213 1606 Lucani
1241 1570 1390 1606 litteris:
1427 1582 1518 1618 quas

238 1634 423 1681 inspectas
449 1633 550 1670 Nero
577 1634 659 1670 ferri
686 1634 734 1670 ad
762 1646 847 1669 eum
874 1634 989 1678 iussit,
1016 1634 1149 1682 opibus
1174 1635 1251 1669 eius
1275 1634 1430 1670 inhians.
1484 1641 1518 1670 at
1536 1644 1558 1672 6

240 1695 352 1741 Mela,
390 1709 484 1745 quae
521 1703 599 1733 tum
636 1697 913 1745 promptissima
950 1698 1079 1733 mortis
1116 1698 1183 1741 via,
1212 1697 1366 1734 exsolvit
1393 1708 1516 1741 venas,

239 1760 380 1807 scriptis
418 1760 596 1796 codicillis
624 1761 759 1808 quihus
788 1760 969 1806 grandem
999 1760 1196 1807 pecuniam
1225 1760 1262 1795 in
1291 1759 1518 1807 Tigellinum

183 1835 219 1866 25
237 1834 486 1870 generumque
532 1824 609 1859 eius
648 1823 911 1859 Cossutianum
951 1822 1172 1870 Capitonem
1219 1825 1406 1870 erogabat,
1443 1834 1518 1871 quo

237 1893 355 1921 cetera
383 1892 586 1922 manerent.
642 1886 784 1922 additur
820 1886 1005 1930 codicillis,
1036 1892 1227 1933 tamquam
1256 1886 1302 1922 de
1331 1886 1517 1934 iniquitate
1535 1895 1554 1925 7

238 1950 335 1984 exitii
356 1960 513 1996 querens
536 1949 585 1984 ita
611 1949 825 1996 scripsisset,
853 1960 892 1984 se
918 1948 1067 1996 quidem
1093 1949 1186 1984 mori
1214 1949 1321 1984 nullis
1350 1949 1517 1996 supplicii

237 2012 368 2055 causis,
406 2010 575 2046 Rufrium
621 2017 746 2047 autem
792 2011 1003 2058 Crispinum
1049 2018 1084 2047 et
1131 2011 1306 2047 Anicium
1336 2011 1517 2048 Cerialem

236 2075 308 2111 vita
344 2074 412 2110 frui
449 2075 613 2111 infensos
655 2074 824 2122 principi.
889 2086 982 2122 quae
1029 2074 1236 2122 composita
1274 2074 1557 2111 credebantur8

181 2151 221 2181 30
238 2138 283 2173 de
320 2138 504 2185 Crispino,
541 2138 628 2186 quia
664 2137 878 2173 interfectus
924 2143 1013 2182 erat,
1052 2138 1096 2173 de
1135 2137 1290 2182 Ceriale,
1329 2144 1367 2173 ut
1407 2138 1516 2174 inter-

237 2202 414 2238 ficeretur.
470 2213 589 2250 neque
627 2202 725 2237 enim
754 2201 870 2237 multo
899 2208 981 2248 post
1018 2201 1092 2236 vim
1120 2201 1188 2236 sibi
1217 2200 1345 2244 attulit,
1374 2201 1516 2237 minore

237 2276 349 2312 quam
378 2265 487 2300 ceteri
521 2264 766 2306 miseratione,
797 2264 882 2310 quia
910 2263 1095 2311 proditam
1125 2263 1220 2298 Gaio
1251 2262 1400 2298 Caesari
1428 2274 1516 2299 con-

237 2328 457 2363 iurationem
476 2327 523 2362 ab
546 2338 590 2362 eo
610 2326 866 2361 meminerant.
