1771 2709
577 218 804 248 CORNELII
834 219 999 249 TACJTJ
1023 219 1289 250 ANNALJUM
1340 210 1473 263 [A.U.c.
1494 220 1565 259 8¹5.

292 323 354 353 aut
377 317 671 364 propinquorum
695 318 850 366 propriis
879 319 1033 355 stimulis
1064 318 1319 367 incenderent>
1348 319 1564 355 continuum

293 380 354 415 diu
376 387 559 427 noctuque
580 381 645 416 iter
665 381 927 429 properabant.

343 447 400 480 13.
430 443 559 490 quue
592 442 767 480 intentius
800 443 1007 491 Vologeses
1041 457 1208 493 premere
1238 445 1420 488 obsessos,
1453 444 1566 481 modo

292 506 425 541 vallum
446 505 646 553 legionum,
668 507 783 543 modo
804 507 1001 551 castellum,
1020 520 1093 555 quo
1114 508 1255 544 inbellis
1275 514 1375 544 aetas
1395 506 1566 543 defende-

257 583 273 613 5
294 570 408 613 batur,
435 569 659 617 adpugnare,
687 570 836 617 propius
859 571 1033 606 incedens
1060 582 1171 618 quam
1196 582 1277 607 mos
1302 570 1456 614 Parthis,
1477 570 1505 606 si
1524 583 1568 606 ea

293 632 496 668 temeritate
526 631 671 668 hostem
702 632 739 668 in
770 633 951 681 proelium
982 633 1136 669 eliceret.
1198 641 1234 669 at
1264 633 1312 669 illi
1344 633 1402 668 vix
1437 640 1566 669 contu-
1586 646 1606 674 2

294 695 430 731 berniis
459 695 621 740 extracti,
650 707 719 733 nec
751 696 847 732 aliud
877 708 988 744 quam
1016 697 1245 732 munimenta
1272 697 1568 744 propugnabant,

295 771 381 807 pars
419 759 519 795 iussu
552 759 666 804 ducis,
698 766 733 796 et
766 760 825 796 alii
859 761 1006 808 propria
1044 761 1188 807 ignavia
1226 767 1286 797 aut
1316 760 1567 796 Corbulonem

294 822 536 870 opperientes,
579 834 621 859 ac
661 823 714 858 vis
749 825 786 859 sz'
818 823 1012 870 ingrueret,
1047 824 1201 871 provisis
1240 824 1419 870 exemplis
1456 824 1569 859 cladis

240 897 278 918 10
296 885 485 921 Caudinae
512 885 862 933 Numantinaeque3
897 898 1018 934 neque
1042 886 1196 922 eandem
1226 887 1298 922 vim
1329 886 1567 931 Samnitibus,

296 948 423 984 Italico
443 949 591 996 populo,
612 961 654 985 ac
675 949 826 992 Parthis,
849 949 1011 984 Romani
1037 950 1178 996 imperii
1202 949 1363 985 aemulis.
1411 950 1567 985 validam
1587 961 1607 989 3

295 1023 443 1059 quoque
475 1018 510 1048 et
542 1012 728 1048 laudatam
763 1012 1028 1060 antiquitatem,
1063 1013 1233 1059 quotiens
1267 1012 1411 1048 fortuna
1443 1019 1568 1048 contra

296 1076 408 1120 daret,
447 1075 550 1112 saluti
588 1075 826 1112 consuluisse.
882 1087 954 1123 qua
991 1076 1244 1122 desperatione
1275 1076 1457 1112 exercitus
1495 1076 1609 1115 dux4

296 1140 469 1175 subactus
489 1139 629 1187 primas
650 1146 771 1174 tamen
793 1139 927 1175 litteras
954 1139 1001 1175 ad
1029 1138 1242 1185 Vologesen
1273 1151 1348 1176 non
1375 1139 1567 1190 supplices,

242 1219 277 1249 ¹5
298 1202 361 1239 sed
400 1203 437 1238 in
473 1203 628 1238 modum
667 1189 851 1250 querentis
889 1203 1108 1250 composuit,
1145 1202 1244 1250 quod
1281 1214 1348 1250 pro
1386 1202 1570 1239 Armeniis

298 1277 443 1313 semper
464 1265 656 1302 Romanae
679 1266 834 1302 dicionis
860 1272 921 1301 aut
943 1265 1113 1301 subiectis
1136 1265 1222 1312 regi,
1243 1277 1352 1312 quem
1374 1265 1571 1313 imperator

298 1329 501 1377 delegisset,
540 1329 683 1366 hostilia
720 1329 876 1365 faceret:
923 1340 1054 1376 pacem
1096 1324 1140 1364 ex
1179 1340 1299 1376 aequo
1331 1329 1477 1373 utilem;
1524 1340 1570 1364 ne

296 1393 504 1440 praesentia
529 1399 672 1429 tantum
696 1399 886 1440 spectaret.
941 1392 1061 1439 ipsum
1089 1391 1262 1427 adversus
1289 1392 1381 1428 duas
1406 1391 1570 1439 legiones
1587 1402 1610 1431 5

296 1457 380 1492 totis
413 1455 516 1504 regni
548 1456 681 1492 viribus
711 1454 924 1491 advenisse:
959 1460 997 1490 at
1027 1453 1207 1490 Romanis
1236 1455 1365 1490 orbem
1395 1461 1571 1491 terrarum

243 1534 282 1556 20
299 1519 490 1567 reliquum,
510 1530 586 1566 quo
606 1518 742 1554 bellum
762 1518 937 1553 iuvarent.
1607 1539 1615 1555 t

351 1587 410 1620 14.
440 1582 499 1618 Ad
532 1594 576 1618 ea
608 1581 814 1629 Vologeses
852 1580 939 1616 nihil
971 1592 1040 1629 pro
1070 1592 1191 1624 causa,
1222 1580 1287 1617 sed
1324 1580 1571 1629 opperiendos

299 1646 367 1682 sibi
395 1645 522 1682 fratres
551 1644 733 1681 Pacorum
761 1656 805 1680 ac
838 1643 1031 1680 Tiridaten
1063 1644 1270 1691 resc1·ipsit;
1310 1644 1412 1680 illum
1447 1644 1571 1681 locum

299 1715 519 1758 tempusque
543 1708 697 1745 consilio
721 1708 951 1750 destinatum,
979 1707 1066 1755 quid
1089 1707 1134 1743 de
1155 1707 1332 1743 Armenia
1356 1714 1572 1752 cernerent;

299 1770 475 1807 adiecisse
503 1769 593 1806 deos
616 1769 770 1816 dignum
798 1767 1069 1813 Arsacidarum,
1101 1767 1208 1803 simul
1230 1774 1269 1804 ut
1298 1768 1342 1804 de
1366 1768 1573 1815 legionibus

244 1849 281 1880 ²5
302 1833 484 1870 Romanis
520 1838 729 1869 statuerent.
786 1831 886 1867 missi
924 1831 1078 1879 posthac
1116 1830 1229 1867 Paeto
1261 1831 1377 1867 nuntii
1410 1837 1445 1867 et
1477 1832 1610 1879 regisz

300 1898 538 1945 conloquium
568 1895 731 1943 petitum,
764 1895 824 1941 qui
855 1893 1025 1930 Vasacen
1054 1894 1278 1941 praesectum
1307 1895 1487 1942 equitatus
1524 1895 1572 1931 ire

299 1961 411 1996 iussit.
465 1966 542 1995 tum
569 1959 702 1994 Paetus
731 1957 915 2001 Lucullos,
944 1956 1144 2004 Pompeios
1170 1963 1206 1993 et
1233 1956 1263 1993 si
1293 1969 1366 2005 qua
1395 1956 1573 1994 Caesares
1590 1968 1611 1996 3

300 2022 519 2071 optinendae
540 2021 781 2058 donandaeve
797 2020 996 2056 Armeniae
1016 2025 1178 2067 egerant,
1192 2018 1383 2056 Vasaces'
1375 2020 1573 2067 imaginem

300 2085 479 2123 retinendi
498 2084 721 2132 largiendive
741 2094 857 2131 penes
876 2076 957 2127 nos,
979 2082 1052 2118 vim
1072 2094 1187 2130 penes
1207 2082 1362 2119 Parthos
1381 2090 1573 2120 memorat.

245 2161 284 2192 30
302 2157 336 2186 et
368 2150 524 2185 multum
556 2149 594 2184 in
626 2147 742 2183 vicem
775 2146 989 2194 disceptato,
1029 2144 1263 2182 Monobazus
1292 2145 1507 2182 Adiabenus
1537 2146 1614 2184 in4

302 2213 401 2248 diem
420 2218 607 2259 posterum
627 2210 727 2246 testis
746 2209 787 2245 iis
808 2220 902 2256 quae
915 2208 1143 2256 pepigissent
1163 2207 1363 2244 adhibetur.
1419 2208 1572 2255 placuit·
1590 2218 1612 2247 5

302 2287 372 2323 que
410 2274 555 2311 liberari
593 2272 734 2309 obsidio
766 2272 928 2318 legiones
959 2277 994 2307 et
1029 2270 1205 2307 decedere
1239 2282 1391 2307 omnem
1421 2270 1571 2307 militem

301 2338 437 2374 finibus
462 2336 722 2373 Armeniorum
749 2334 968 2382 castellaque
994 2339 1029 2370 et
1050 2340 1278 2370 commeatus
1308 2333 1448 2369 Parthis
1468 2333 1571 2378 tradi,
