1776 2653
192 181 269 206 ren.
288 165 357 219 55]
527 172 672 203 LIBER
699 171 806 204 XJJJ.
864 171 959 202 CAP.
993 166 1125 201 16-20.

194 275 347 311 nomina
373 279 409 310 et
435 273 581 310 virtutes
614 273 802 317 nobilium,
832 272 894 321 qui
922 272 1031 308 etiam
1060 278 1137 309 tum
1166 277 1389 319 supererant,
1424 270 1461 306 in

153 343 176 371 4
194 338 333 375 honore
360 337 504 381 habere,
524 337 628 402 gua?
648 343 839 384 quaereret
863 336 997 372 ducem
1023 342 1058 372 et
1083 342 1213 383 partes.
1271 335 1461 382 cognitum
1495 384 1498 387 Δ

192 402 228 437 id
249 401 398 446 Neroni,
419 387 677 450 θξῷᾈίἓέᾞς
687 399 870 443 militares,
892 411 987 447 quae
1007 405 1044 435 ut
1065 399 1214 446 coniugi
1235 397 1462 446 imperatoris
1486 390 1500 436 ,s
1520 411 1525 434 5

191 464 289 508 olim,
311 470 387 500 turn
412 471 450 499 ut
478 463 583 499 matri
603 463 851 507 servabantur,
872 469 907 498 et
934 462 1141 498 Germanos
1167 473 1284 509 nuper
1303 460 1462 497 eundem

151 539 172 567 5
191 528 228 562 z'n
257 526 436 563 honorem
465 525 635 562 custodes
662 525 808 561 additos
837 524 986 573 degredi
1026 525 1136 560 iubet.
1193 536 1235 560 ac
1272 536 1319 560 ne
1344 529 1461 574 *coetu
1480 534 1497 565 5

191 589 424 626 salutantium
445 589 743 636 frequentaretur,
760 594 903 635 separat
923 587 1076 623 domum
1096 592 1327 635 matremque
1341 582 1462 643 tran?-

191 653 259 689 fert
277 653 314 688 in
334 665 415 688 eam
435 664 529 700 quae
545 651 731 688 Antoniae
746 650 873 696 fuerat,
891 651 1057 699 quotiens
1071 651 1147 698 ipse
1165 650 1247 686 illuc
1261 633 1459 692 ventitaret,

191 722 336 763 saeptus
355 716 458 751 turba
478 715 734 751 centurionum
754 721 789 750 et
814 721 897 762 post
916 715 1025 766 breve
1045 715 1214 763 osculum
1240 713 1461 760 digrediens.
1509 741 1511 743 .

198 765 209 771 ⁷
242 782 305 816 19.
334 778 569 830 Nihilssrerum
581 777 876 827 mortaliumtam
891 777 1057 826 instabile
1072 789 1114 813 ac
1129 777 1269 836 flUQ
1282 783 1336 812 est
1349 788 1461 824 quam
1495 770 1530 837 Η

189 842 286 878 fama
305 841 490 889 potentiae
511 853 587 877 non
607 853 673 877 sua
687 841 720 876 vi
736 841 854 878 nixae.
910 840 1032 877 statim
1052 840 1216 877 relictum
1233 839 1459 887 Agrippinae
1482 850 1519 871 10

189 905 324 941 limen:
355 916 465 941 nemo
502 890 905 948 εοἻῗΐῖ-Ῑςςῖθῐηοεὶάἰῑθ
943 910 1086 951 praeter
1122 915 1259 951 paucas
1295 903 1458 945 feminas,

151 975 171 1003 2
190 979 314 1004 amore
335 979 382 1003 an
405 967 490 1003 odio
516 967 683 1002 incertas.
738 979 784 1002 ex
804 967 937 1014 quibus
965 973 1040 1002 erat
1060 966 1167 1002 Iunia
1195 966 1328 1010 Silana,
1348 977 1459 1013 quam

190 1007 670 1067 matrimcm
707 1029 906 1066 Messalina
950 1030 1140 1077 depulsam
1179 1041 1290 1077 supra
1332 1029 1459 1072 rettuli,

189 1094 341 1141 insignis
356 1105 489 1142 genere
506 1092 625 1128 forma
645 1093 799 1135 lascivia,
814 1099 849 1129 et
865 1093 1091 1140 Agrippinae
1108 1093 1168 1128 diu
1190 1104 1348 1141 percara,
1371 1104 1458 1128 mox

143 1158 159 1174 s
176 1136 903 1200 m
924 1156 1009 1204 quia
1043 1155 1210 1192 Sextium
1242 1155 1457 1191 Africanum
1482 1165 1516 1196 15

189 1220 351 1255 nobilem
387 1219 555 1254 iuvenem
586 1230 608 1254 a
643 1219 778 1266 nuptiis
812 1218 956 1255 Silanae
989 1219 1211 1255 deterruerat
1242 1218 1458 1266 Agrippina,

190 1282 398 1330 inpudicam
428 1287 463 1318 et
492 1286 704 1329 vergentem
733 1282 838 1317 annis
866 1282 1044 1326 dictitans,
1074 1294 1150 1318 non
1178 1288 1214 1318 ut
1244 1281 1458 1317 Africanum

190 1346 255 1382 sibi
288 1351 490 1393 seponeret,
522 1345 586 1380 sed
623 1356 668 1380 ne
701 1346 834 1396 opibus
871 1352 907 1381 et
943 1346 1097 1381 orbitate
1135 1344 1279 1381 Silanae
1308 1345 1459 1380 maritus

152 1402 387 1457 3potereturs
454 1408 515 1444 illa
552 1420 616 1456 spe
652 1408 799 1444 ultionis
837 1409 958 1445 oblata
1002 1415 1106 1457 parat
1142 1416 1374 1445 accusatores
1414 1421 1459 1444 ex

189 1472 379 1508 clientibus
408 1472 494 1515 suis,
519 1471 672 1507 Iturium
702 1478 736 1507 et
762 1471 974 1516 Calvisium,
1004 1484 1081 1508 non
1108 1478 1228 1508 vetera
1254 1477 1290 1508 et
1315 1472 1459 1519 saepius
1481 1482 1517 1502 20

191 1536 264 1571 iam
301 1535 421 1571 audita
459 1533 636 1578 deferens,
671 1534 772 1582 quod
803 1533 1001 1571 Britannici
1039 1542 1195 1571 mortem
1229 1535 1369 1582 lugeret
1398 1542 1459 1570 aut

190 1598 362 1635 Octaviae
390 1598 536 1634 iniurias
560 1597 752 1645 evulgaret,
783 1597 851 1663 de
873 1598 1110 1651 destinav1sse
1137 1610 1219 1635 eam
1250 1598 1459 1634 Rubellium

190 1661 370 1705 Plautum,
391 1673 456 1708 per
475 1647 679 1696 maternam
700 1647 881 1715 originem
914 1647 1054 1708 pari‘ac
1077 1661 1178 1697 Nero
1199 1661 1315 1708 gradu
1335 1673 1355 1697 a
1375 1662 1458 1697 divo
1503 1655 1528 1704 ll

190 1724 370 1772 Augusto,
404 1724 450 1760 ad
487 1736 543 1760 res
580 1735 694 1760 novas
716 1708 901 1775 ‘eso-llere
935 1724 1183 1775 cloniugioque
1216 1725 1293 1760 eius
1322 1732 1357 1760 et
1386 1725 1458 1760 iarn

149 1788 344 1835 4imperio
382 1799 459 1823 rem
495 1787 678 1834 publicam
715 1798 838 1822 rursus
869 1772 1061 1837 ifivffie.
1127 1787 1217 1822 haec
1256 1787 1388 1823 Iturius
1426 1794 1459 1823 et
1481 1795 1515 1825 25

190 1850 367 1888 Calvisius
386 1850 559 1903 Atimeto,
583 1850 766 1887 Domitiae
787 1849 946 1886 Neronis
961 1850 1098 1900 amitae
1119 1850 1259 1895 liberto,
1281 1851 1458 1899 aperiunt.

189 1914 252 1962 qui
289 1913 403 1949 laetus
440 1903 571 1949 oblatis
605 1911 758 1964 (quippe
791 1913 884 1950 inter
916 1913 1159 1961 Agrippinam
1189 1920 1225 1950 et
1258 1913 1459 1950 Domitiam

189 1975 330 2020 infensa
349 1977 542 2030 aenfflu‘latiO
568 1975 820 2026 exercebatur)
850 1976 1018 2012 Paridem
1047 1977 1272 2022 histrionem,
1292 1977 1459 2014 libertum

189 2046 224 2076 et
252 2040 370 2087 ipsum
392 2039 759 2087 Domitiam-impulit
787 2040 839 2076 ire
867 2051 1023 2087 propere
1051 2041 1263 2088 crimenque
1292 2042 1460 2077 atrociter

188 2102 336 2139 deferre.
1479 2109 1516 2137 50

241 2168 308 2202 20.
338 2164 604 2209 Provectanox
620 2171 696 2201 erat
708 2171 741 2201 et
758 2164 897 2201 Neroni
910 2177 974 2213 per
988 2165 1224 2211 vinolentiam
1238 2167 1457 2212 trahebatur,

189 2239 273 2264 cum
292 2227 490 2275 ingreditur
510 2227 620 2271 Paris,
642 2228 769 2264 solitus
789 2228 951 2276 alioquin
975 2229 1011 2265 id
1030 2230 1206 2276 temporis
1232 2229 1338 2265 luxus
1363 2231 1459 2277 prin-

188 2291 276 2338 cipis
302 2289 501 2335 intendere,
527 2290 592 2327 sed
621 2297 706 2327 tunc
729 2293 955 2338 compositus
983 2291 1030 2328 ad
1058 2292 1286 2336 maestitiam,
1315 2293 1459 2340 exposi-
