1674 2653
157 192 233 218 Μ).
253 177 324 230 σα]
507 186 653 217 LIBER
682 186 779 217 XIV.
837 185 934 217 CAP.
967 190 1100 228 17-21.

155 287 293 331 solitos,
312 287 365 323 vel
386 286 415 322 si
435 287 631 323 vetustiora
651 292 805 334 repetas,
821 294 979 323 stantem
999 287 1178 335 populum
1195 286 1429 335 spectavisse,

155 363 212 394 ne,
251 350 280 386 si
318 350 525 387 consideret
561 349 715 394 theatro,
754 350 830 386 dies
869 357 968 386 totos
1005 351 1152 397 ignavia
1190 351 1431 388 continuaret.

113 423 136 451 4
155 413 450 462 spectaculorum
479 413 629 462 quidem
647 414 856 461 'antiquitas
885 421 1098 459 servaretur,
1125 414 1297 462 quotiens
1324 426 1430 462 prae-

154 484 250 513 tores
286 477 445 521 ederent,
481 476 579 513 nulla
617 477 789 524 cuiquam
826 477 960 514 civium
999 478 1219 514 necessitate
1257 477 1430 514 certandi.

113 549 134 577 5
152 547 316 577 ceterum
340 540 496 577 abolitos
523 539 699 588 paulatim
723 541 863 588 patrios
891 552 1014 576 mores
1042 541 1202 577 funditus
1227 541 1338 577 everti
1365 552 1430 588 per
1448 553 1464 585 5

151 604 309 640 accitam
332 603 530 648 lasciviam,
551 610 589 639 ut
615 603 717 652 quod
741 615 900 652 usquam
924 604 1110 652 corrumpi
1133 611 1168 641 et
1196 616 1429 652 corrumpere

152 674 273 715 queat,
294 667 332 703 in
352 667 440 703 urbe
460 667 606 712 visatur,
627 667 899 716 degeneretque
919 668 1045 704 studiis
1065 669 1225 704 externis
1251 668 1428 711 iuventus,

151 730 344 778 gymnasia
373 736 409 766 et
442 731 517 767 otia
549 736 584 766 et
617 736 742 778 turpes
772 743 916 767 amores
946 731 1164 776 exercendo,
1195 731 1359 779 principe
1394 738 1430 767 et

152 800 278 829 senatu
299 793 517 837 auctoribus,
537 793 599 842 qui
627 805 703 829 non
724 793 839 830 modo
860 793 1043 830 licentiam
1069 794 1161 831 vitiis
1187 794 1426 842 permiserint,

151 857 216 893 sed
242 857 315 892 vim
341 856 549 901 adhibeant,
571 860 613 892 ul
630 868 801 904 proceres
829 856 990 894 Romani
1014 858 1135 906 specie
1160 858 1367 894 orationum
1392 864 1426 894 et
1448 869 1485 891 10

110 931 132 959 6
150 920 353 957 carminum
375 931 509 956 scaena
527 919 747 968 polluantur.
803 921 892 968 quid
912 933 1113 969 superesse,
1129 921 1199 958 nisi
1218 927 1258 957 ut
1273 933 1428 969 corpora

150 996 298 1032 quoque
334 983 474 1020 nudent
510 989 546 1020 et
583 990 727 1020 caestus
768 984 967 1021 adsumant
1005 997 1140 1033 easque
1177 996 1321 1036 pugnas
1358 997 1426 1032 pro

110 1047 277 1087 7militia
314 1054 349 1084 et
386 1048 497 1084 armis
534 1047 780 1084 meditentur?
834 1059 882 1084 an
919 1048 1092 1085 iustitiam
1130 1055 1279 1085 auctum
1316 1048 1358 1084 iri
1391 1056 1426 1085 et

149 1111 316 1148 decurias
345 1111 510 1159 equiturn
542 1111 734 1158 egregium
764 1111 950 1148 iudicandi
980 1123 1115 1148 munus
1147 1113 1270 1148 melius
1301 1111 1426 1160 exple—

148 1182 257 1218 turas,
278 1174 308 1211 si
327 1173 462 1211 fractos
482 1185 596 1210 sonos
617 1180 654 1210 et
673 1174 906 1211 dulcedinem
927 1187 1060 1211 vocum
1080 1175 1192 1223 perite
1212 1175 1424 1212 audissent?
1447 1185 1481 1216 15

108 1245 274 1276 8noctes
306 1249 455 1286 quoque
489 1237 661 1274 dedecori
698 1238 872 1284 adiectas,
907 1250 953 1274 ne
984 1238 1086 1286 quod
1118 1245 1265 1286 tempus
1295 1238 1424 1286 pudori

147 1302 379 1350 relinquatur,
405 1301 470 1337 sed
496 1308 604 1338 coetu
630 1301 825 1349 promisco,
853 1302 954 1350 quod
980 1301 1242 1349 perditissimus
1268 1302 1423 1351 quisque

147 1377 212 1413 per
230 1366 326 1401 diem
346 1365 604 1413 concupiverit,
625 1377 691 1412 per
713 1365 882 1401 tenebras
902 1365 1046 1402 audeat.

199 1432 258 1465 21.
287 1428 456 1464 Pluribus
493 1428 573 1476 ipsa
610 1428 756 1465 licentia
793 1428 972 1476 placebat,
1012 1441 1056 1465 ac
1100 1436 1223 1465 tamen
1268 1428 1422 1466 honesta

107 1493 299 1528 2nomina
336 1492 635 1540 praetendebant.
689 1492 849 1528 maiores
887 1503 1035 1541 quoque
1073 1505 1150 1529 non
1189 1492 1422 1529 abhorruisse
1443 1508 1482 1530 πο

146 1555 437 1603 spectaculorum
474 1555 750 1592 oblectamentis
788 1567 857 1603 pro
898 1556 1043 1592 fortuna
1081 1568 1177 1604 quae
1214 1563 1290 1592 tum
1334 1564 1422 1601 erat,

144 1630 264 1667 eoque
301 1631 323 1654 a
368 1618 504 1654 Tuscis
549 1619 686 1655 accitos
732 1618 937 1663 histriones,
980 1631 1001 1654 a
1049 1619 1201 1655 Thuriis
1242 1631 1422 1668 equorum

145 1683 343 1718 certamina
355 1694 365 1727 ;
394 1688 427 1718 et
451 1694 622 1729 possessa
642 1681 784 1718 Achaia
802 1682 964 1730 Asiaque
985 1682 1091 1718 ludos
1112 1674 1271 1719 curatius
1290 1683 1420 1728 editos,

144 1756 212 1783 nec
244 1757 469 1793 quemquam
505 1744 648 1781 Romae
683 1745 840 1781 honesto
873 1745 957 1782 loco
992 1754 1112 1782 ortum
1146 1746 1193 1782 ad
1227 1745 1422 1783 theatrales

145 1816 238 1845 artes
284 1808 574 1855 degeneravisse,
617 1809 783 1845 ducentis
823 1809 895 1844 iam
938 1809 1045 1845 annis
1091 1821 1112 1845 a
1159 1808 1201 1845 L.
1249 1808 1421 1845 Mummii
1442 1824 1478 1855 ²5

144 1872 338 1920 tn‘umpho,
359 1871 421 1919 qui
446 1871 584 1919 primus
607 1871 643 1907 id
669 1884 787 1919 genus
813 1872 1011 1919 spectaculi
1032 1873 1069 1908 in
1092 1874 1183 1909 urbe
1204 1874 1420 1921 praebuerit.

104 1948 125 1976 3
144 1936 209 1971 sed
234 1940 270 1971 et
299 1934 508 1970 consultum
533 1935 790 1982 parsimoniae,
817 1935 918 1983 quod
944 1942 1121 1983 perpetua
1149 1936 1254 1972 sedes
1279 1936 1420 1973 theatro

143 1998 263 2034 locata
287 1998 332 2034 sit
353 1998 485 2045 potius,
507 2009 620 2045 quarn
646 1998 831 2034 immenso
859 2005 1006 2046 sumptu
1033 1999 1196 2046 singulos
1217 2012 1281 2047 per
1300 2011 1419 2036 annos

101 2069 379 2109 4consurgeret
411 2073 454 2097 ac
489 2061 743 2097 destrueretur.
798 2073 867 2098 nec
888 2062 1038 2110 perinde
1076 2063 1309 2110 magistratus
1342 2076 1417 2099 rem

143 2125 357 2161 familiarem
386 2124 627 2160 exhausturos
655 2130 716 2160 aut
748 2124 889 2172 populo
917 2124 1141 2172 efflagitandi
1170 2125 1315 2162 Graeca
1343 2138 1417 2162 cer·
1437 2138 1478 2168 30

143 2189 281 2225 tamina
312 2201 334 2224 a
364 2188 637 2236 magistratibus
668 2199 818 2224 causam
856 2188 944 2233 fore,
974 2201 1059 2225 cum
1093 2201 1138 2225 eo
1177 2197 1323 2237 sumptu
1361 2203 1418 2226 res

101 2262 123 2290 5
142 2252 288 2300 publica
305 2252 488 2298 fungatur.
543 2257 730 2287 oratorum
747 2263 789 2287 ac
809 2258 932 2286 vatum
949 2251 1116 2288 victorias
1135 2252 1418 2289 incitamentum

141 2315 298 2361 ingeniis
326 2315 529 2359 adlaturas;
572 2325 639 2349 nec
669 2314 842 2361 cuiquam
877 2314 984 2350 iudici
1016 2327 1125 2361 grave
1158 2327 1263 2352 aures
1290 2316 1418 2352 studiis

608 2394 627 2406 ,x
