1674 2653
144 186 220 211 Aa).
239 171 311 225 62.]
486 179 631 210 LIBER
661 179 756 210 XIV.
814 180 911 212 CAP.
940 182 1078 220 52-55-

102 287 124 314 6
143 287 178 317 et
206 280 317 328 longa
345 281 479 317 decora
508 280 753 328 praeferentes
782 281 924 317 novitas
952 292 1035 317 mea
1063 280 1219 316 enituit?
1262 279 1323 316 ubi
1359 287 1415 316 est

142 341 286 377 animus
313 341 370 377 ille
398 341 551 377 modicis
579 342 799 389 contentus?
843 341 923 377 talis
951 341 1078 377 hortos
1107 340 1260 376 exstruit
1289 346 1324 376 et
1351 352 1416 387 per

141 403 232 441 haec
259 405 469 441 suburbana
497 404 632 440 incedit
661 410 696 440 et
724 405 832 440 tantis
861 416 1034 452 agrorum
1064 404 1202 452 spatiis,
1231 410 1306 439 tam
1341 403 1415 439 lato

142 466 288 504 faenore
317 468 520 504 exuberat?
548 479 622 503 una
660 467 825 504 defensio
860 468 1024 513 occurrit,
1064 467 1164 516 quod
1201 466 1415 503 muneribus

141 530 210 566 tuis
238 531 354 566 obniti
383 542 459 566 non
488 530 607 568 debui.
1434 538 1452 569 5

193 597 259 631 54.
288 593 383 630 ‘Sed
411 600 562 642 uterque
593 606 804 631 mensuram
834 594 1061 643 inplevimus,
1090 600 1125 631 et
1158 598 1207 639 lu,
1236 599 1415 642 quantum

141 658 313 706 princeps
341 658 495 695 tribuere
523 658 644 694 amico
672 665 807 706 posset,
836 665 871 694 et
900 671 981 705 ego,
1011 665 1190 706 quantum
1224 657 1365 693 amicus
1396 668 1417 692 a

103 737 124 764 2
143 721 307 769 principe
328 722 517 769 accipere:
546 728 664 758 cetera
683 722 856 758 invidiam
877 728 1023 769 augent.
1082 733 1177 769 quae
1193 719 1354 767 quidem,
1377 724 1417 755 ut

142 785 267 821 omnia
285 785 464 829 mortalia,
485 784 575 820 infra
595 791 694 821 tuam
715 785 1007 832 magnitudinem
1028 785 1132 827 iacet,
1154 783 1219 819 sed
1245 782 1334 818 mihi
1360 783 1415 818 in-

100 863 120 891 3
139 848 290 892 cumbit,
309 848 397 883 mihi
420 848 710 884 subveniendum
730 855 794 885 est.
849 860 923 897 quo
943 848 1057 885 modo
1077 847 1113 883 in
1134 847 1260 882 militia
1279 852 1340 882 aut
1360 846 1415 881 via
1438 857 1474 878 10

139 910 255 947 fessus
275 911 539 948 adminiculum
562 923 716 956 orarem,
744 912 793 947 ita
818 912 855 947 in
884 912 954 948 hoc
981 912 1107 947 itinere
1127 911 1220 947 vitae
1241 920 1354 946 senex
1381 916 1415 945 et

139 974 326 1010 levissimis
348 986 495 1024 quoque
516 975 611 1011 curis
630 975 745 1023 inpar,
766 987 851 1011 eum
871 987 961 1022 opes
987 986 1088 1011 meas
1116 974 1210 1011 ultra
1234 973 1416 1009 sustinere

98 1046 121 1074 4
139 1049 215 1074 non
228 1038 377 1085 possim,
394 1037 615 1086 praesidium
629 1045 724 1086 peto.
780 1038 862 1075 iube
883 1050 960 1075 rem
977 1050 1042 1086 per
1061 1045 1319 1086 procuratores
1333 1042 1416 1072 tuos

138 1101 442 1146 administrari‚in
462 1108 563 1138 tuam
577 1101 760 1138 fortunam
781 1102 901 1150 recipi.
947 1114 1014 1138 nec
1034 1113 1094 1138 me
1107 1102 1144 1137 in
1165 1106 1416 1149 paupertatem

139 1165 214 1212 ipse
234 1164 435 1208 detrudam,
457 1164 520 1201 sed
540 1165 675 1201 traditis
695 1177 852 1213 quorum
874 1165 1012 1213 fulgore
1032 1164 1292 1213 praestringor‚
1313 1161 1415 1211 quod
1440 1173 1473 1204 15

138 1228 314 1276 temporiS
331 1227 522 1264 hortorum
542 1235 603 1265 aut
622 1228 786 1265 villarum
817 1241 925 1266 curae
955 1229 1153 1277 seponitur,
1182 1228 1220 1263 in
1250 1226 1417 1263 animum

99 1304 120 1332 5
139 1292 330 1328 revocabo.
386 1298 551 1340 superest
574 1293 637 1328 tibi
657 1293 769 1329 robur
788 1299 823 1329 et
849 1299 903 1329 tot
927 1305 991 1341 per
1014 1304 1133 1328 annos
1152 1292 1270 1327 visum
1289 1291 1422 1326 summi

138 1355 269 1403 fastigii
286 1356 472 1404 regimen:
502 1367 701 1404 possumus
718 1356 880 1393 seniores
896 1356 1006 1393 amici
1026 1356 1188 1404 quietem
1209 1365 1414 1402 reposcere.

138 1417 208 1455 hoc
228 1430 376 1467 quoque
398 1420 434 1455 in
454 1425 555 1455 tuam
575 1419 729 1468 gloriam
749 1419 864 1466 cedet,
885 1431 950 1457 eos
970 1420 1018 1456 ad
1036 1431 1182 1456 summa
1198 1418 1339 1455 vexisse
1353 1417 1415 1465 qui

137 1488 172 1517 et
192 1482 339 1518 modica
359 1482 578 1520 tolerarent.’
1438 1484 1476 1508 ²0

192 1549 257 1582 55.
287 1545 345 1581 Ad
366 1558 459 1594 quae
486 1545 587 1583 Nero
608 1547 659 1583 sie
691 1546 804 1584 ferme
831 1547 1042 1595 respondit:
1074 1547 1195 1596 ‘quod
1223 1547 1417 1585 meditatae

138 1609 293 1645 orationi
331 1615 415 1645 tuae
462 1610 581 1646 statim
623 1622 825 1656 occurram,
864 1611 900 1647 id
946 1611 1106 1658 primum
1152 1611 1203 1646 tui
1256 1612 1417 1647 muneris

139 1672 270 1717 habeo,
301 1673 364 1720 qui
401 1684 460 1709 me
498 1685 574 1710 non
608 1680 751 1710 tantum
787 1675 952 1722 praevisa
985 1674 1050 1710 sed
1088 1674 1207 1710 subita
1244 1674 1418 1722 expedire

101 1735 307 1774 2docuisti.
363 1737 499 1773 abavus
537 1749 640 1773 meus
676 1738 866 1785 Augustus
903 1738 1091 1786 Agrippae
1130 1744 1166 1774 et
1208 1737 1419 1774 Maecenati

141 1809 316 1846 usurpare
336 1801 451 1837 otium
477 1807 562 1848 post
591 1800 736 1838 labores
755 1802 947 1847 concessit,
969 1801 1034 1838 sed
1062 1801 1099 1837 in
1122 1813 1165 1838 ea
1192 1801 1268 1849 ip-se
1288 1807 1416 1846 aetate,
1438 1813 1475 1844 25

141 1862 244 1898 cuius
280 1863 478 1900 auctoritas
520 1871 679 1900 tueretur
715 1864 895 1913 quidquid
937 1864 1024 1901 illud
1070 1871 1105 1901 et
1149 1864 1418 1913 qualecumque

101 1934 123 1963 8
141 1925 344 1971 tribuisset;
373 1938 416 1963 ac
430 1933 554 1963 tamen
576 1934 744 1979 neutrum
761 1927 854 1964 datis
873 1940 894 1964 a
910 1940 948 1965 se
967 1928 1140 1976 praemiis
1155 1929 1265 1964 exuit.
1320 1928 1417 1964 bello

139 1995 174 2024 et
192 1990 358 2037 periculis
373 1996 581 2028 merueram
596 2003 606 2036 ς
635 1992 673 2028 in
693 1991 736 2028 iis
749 1991 850 2028 enim
870 1992 1015 2028 iuventa
1029 1991 1185 2039 Augusti
1198 1998 1338 2028 versata
1351 1998 1417 2028 est.

96 2061 119 2089 4
138 2063 206 2088 nec
226 2053 316 2089 mihi
335 2053 407 2090 tela
426 2061 461 2090 et
481 2066 613 2090 manus
640 2061 724 2091 tuae
753 2054 955 2091 defuissent
981 2055 1017 2091 in
1046 2055 1158 2091 armis
1178 2055 1322 2103 agenti:
1353 2055 1417 2091 sed

138 2116 237 2164 quod
259 2128 434 2164 praesens
453 2117 626 2154 condicio
645 2119 834 2166 poscebat,
862 2119 1002 2155 ratione
1029 2118 1184 2155 consilio
1210 2118 1416 2166 praeceptis
1438 2129 1476 2159 30

98 2187 118 2214 5
137 2180 342 2226 pueritiam,
362 2180 446 2216 dein
470 2181 654 2217 iuventam
678 2193 802 2217 meam
832 2181 962 2218 fovisti.
1017 2188 1052 2218 et
1072 2188 1130 2218 tua
1151 2182 1299 2230 quidem
1330 2193 1417 2229 erga

137 2251 198 2275 me
226 2251 389 2284 munera,
419 2241 508 2276 dum
537 2242 611 2277 vita
640 2248 819 2289 suppetet,
852 2249 1000 2278 aeterna
1029 2248 1161 2278 erunt:
1192 2254 1287 2289 quae
1308 2254 1329 2278 a
1357 2253 1417 2278 me

96 2301 262 2348 chabes‚
291 2303 385 2340 horti
413 2312 449 2341 et
484 2304 614 2341 faenus
642 2311 678 2341 et
707 2305 822 2349 villae,
852 2306 997 2342 casibus
1026 2306 1189 2341 obnoxia
1225 2312 1320 2342 sunt.
1374 2317 1418 2343 ac
