1674 2653
535 191 765 223 CORNELII
793 192 956 222 TACITI
981 190 1250 222 ANNALIUM
1300 182 1433 235 [ΑΜ-Ο.
1453 190 1526 230 819.

248 281 436 319 vocabulis
481 288 676 325 mutantur,
725 282 941 319 testificante
987 281 1161 319 Cornelio
1208 281 1337 325 Orfito,
1382 279 1445 328 qui
1489 278 1526 315 id

249 352 451 389 censuerat,
477 346 560 382 ideo
586 345 732 381 Iunium
758 357 923 382 mensem
947 346 1209 390 transmissum,
1237 345 1322 392 quia
1350 343 1426 380 duo
1454 343 1527 379 iam

250 408 432 456 Torquati
478 409 528 444 ob
565 409 704 445 scelera
741 408 920 446 interfecti
958 408 1158 445 infaustum
1194 419 1332 445 nomen
1378 406 1527 442 Iunium

248 471 428 508 fecissent.

215 554 232 585 5
302 539 361 572 13.
390 535 468 571 Tot
504 535 727 572 facinoribus
763 536 914 573 foedum
956 547 1096 572 annum
1142 536 1251 572 etiam
1290 534 1327 571 di
1370 539 1528 582 tempes-

251 599 383 635 tatibus
419 604 454 635 et
491 600 629 636 morbis
666 599 894 647 insignivere.
967 606 1106 635 vastata
1143 597 1347 646 Campania
1384 598 1528 633 turbine

251 669 441 698 ventorum
461 664 522 710 qui
543 663 643 699 villas
663 664 810 700 arbusta
836 663 959 711 fruges
987 663 1122 711 passim
1148 662 1284 698 disiecit
1309 660 1528 710 pertulitque

251 726 459 762 violentiam
487 726 536 763 ad
563 727 681 763 vicina
708 727 813 772 urbi;
851 727 889 763 in
918 739 990 776 qua
1018 738 1128 762 omne
1166 725 1375 762 mortalium
1411 735 1529 772 genus

252 790 305 825 vis
333 790 557 837 pestilentiae
588 790 890 838 depopulabatur,
920 790 1017 826 nulla
1054 790 1140 826 caeli
1180 789 1402 837 intemperie,
1433 798 1528 836 quae

200 870 236 891 10
254 859 459 889 occurreret
495 852 620 889 oculis.
675 853 739 889 sed
768 853 900 890 domus
930 854 1146 901 corporibus
1183 852 1372 896 exanimis,
1401 851 1567 888 itinera2

253 916 440 952 funeribus
477 916 779 964 complebantur3
827 928 904 952 non
951 928 1071 960 sexus,
1109 927 1183 952 non
1221 922 1321 952 aetas
1365 914 1528 963 periculo

255 992 389 1025 vacua;
428 981 571 1017 servitia
599 980 750 1028 perinde
783 987 818 1016 et
851 981 1013 1027 ingenua
1042 980 1166 1028 plebes
1194 980 1326 1028 raptim
1354 979 1529 1026 extingui,

252 1045 345 1080 inter
365 1044 565 1091 coniugum
585 1049 620 1079 et
639 1043 836 1079 liberorum
857 1043 1027 1087 lamenta,
1049 1045 1109 1091 qui
1135 1044 1223 1080 dum
1244 1043 1421 1087 adsident,
1442 1042 1530 1078 dum

253 1108 400 1152 deflent,
415 1119 523 1155 saepe
543 1107 675 1143 eodem
687 1119 778 1154 rogo
798 1108 1064 1144 cremabantur.
1119 1108 1282 1155 equitum
1303 1113 1529 1142 senatorum·
1546 1113 1567 1141 8

201 1184 236 1215 15
255 1183 325 1220 que
354 1172 528 1215 interitus,
564 1172 730 1219 quamvis
760 1172 945 1219 promisci,
977 1172 1098 1207 minus
1135 1171 1273 1207 flebiles
1305 1177 1416 1214 erant,
1443 1177 1531 1205 tam-

256 1247 367 1283 quam
387 1235 576 1271 communi
596 1234 813 1271 mortalitate
834 1235 1019 1271 saevitiam
1040 1235 1215 1283 principis
1234 1234 1496 1282 praevenirent.

307 1298 451 1334 Eodem
472 1310 571 1334 anno
591 1297 743 1334 dilectus
763 1310 828 1345 per
855 1298 1012 1335 Galliam
1039 1297 1325 1334 Narbonensem
1353 1296 1529 1332 Africam-
1548 1302 1571 1330 4

257 1374 327 1409 que
365 1368 399 1397 et
435 1362 564 1398 Asiam
601 1361 712 1397 habiti
751 1368 835 1398 sunt
873 1361 1086 1409 supplendis
1124 1360 1274 1407 Illyricis
1312 1359 1529 1406 legionibus,

257 1437 301 1461 ex
322 1425 454 1472 quibus
473 1431 591 1461 aetate
612 1431 674 1460 aut
693 1425 898 1461 valetudine
923 1424 1007 1460 sessi
1033 1430 1262 1460 sacramento
1286 1422 1531 1459 solvebantur.

202 1501 240 1522 20
258 1488 401 1524 cladem
422 1487 710 1535 Lugdunensem
738 1488 981 1536 quadragiens
1011 1487 1175 1523 sestertio
1200 1486 1338 1523 solatus
1357 1492 1410 1522 est
1434 1486 1531 1533 prin·
1551 1492 1571 1520 5

257 1563 355 1599 ceps,
369 1558 409 1587 ut
422 1552 556 1587 amissa
570 1552 650 1587 urbi
666 1558 884 1599 reponerent
898 1564 906 1597 ;
933 1562 1043 1600 quam
1056 1551 1251 1599 pecuniam
1265 1549 1533 1598 Lugdunenses

259 1620 342 1651 ante
361 1614 569 1651 obtulerant
587 1614 685 1650 urbis
706 1615 860 1651 casibus.

310 1682 371 1715 14.
402 1677 444 1714 C.
487 1677 660 1714 Suetonio
703 1677 841 1714 Luccio
887 1678 1063 1715 Telesino
1103 1678 1311 1715 consulibus
1355 1676 1534 1713 Antistius

261 1741 448 1786 Sosianus,
476 1741 644 1778 factitatis
670 1741 707 1776 in
734 1741 923 1777 Neronem
951 1742 1171 1778 carminibus
1197 1740 1385 1789 probrosis
1412 1740 1533 1783 exilio,

204 1819 241 1850 25
260 1812 299 1841 ut
336 1805 419 1849 dixi,
457 1804 643 1849 multatus,
678 1811 875 1852 postquam
913 1805 948 1840 id
981 1805 1132 1841 honoris
1170 1805 1349 1840 indicibus
1386 1810 1534 1850 tamque

261 1874 472 1916 promptum
502 1868 547 1903 ad
585 1867 714 1903 caedes
742 1868 945 1915 principem
974 1868 1122 1915 accepit,
1161 1867 1303 1915 inquies
1340 1867 1464 1902 animo
1500 1871 1535 1901 et

262 1931 500 1967 occasionum
529 1930 626 1966 haud
664 1930 787 1977 segnis
818 1929 1067 1973 Pammenem,
1098 1930 1263 1966 eiusdem
1292 1929 1362 1965 loci
1389 1928 1534 1964 exulem

262 2001 297 2030 et
334 1993 605 2030 Chaldaeorum
643 1998 716 2028 arte
755 1993 937 2028 famosum
973 2005 1092 2040 eoque
1130 1992 1328 2028 multorum
1369 1991 1534 2027 amicitiis

263 2058 451 2100 innexum,
480 2055 712 2092 similitudine
741 2055 910 2092 fortunae
944 2056 1011 2092 sibi
1040 2056 1220 2092 conciliat.
1275 2055 1451 2090 ventitare
1488 2053 1533 2089 ad
1551 2060 1573 2089 2

206 2132 246 2162 30
264 2132 347 2156 eum
386 2120 533 2155 nuntios
578 2124 613 2154 et
657 2118 943 2154 consultationes
987 2130 1063 2155 non
1106 2118 1235 2154 frustra
1272 2124 1381 2161 ratus,
1426 2117 1533 2153 simul

263 2194 425 2220 annuam
445 2182 639 2230 pecuniam
664 2194 686 2217 a
711 2181 750 2218 P.
777 2181 912 2218 Anteio
936 2182 1131 2217 ministrari
1157 2181 1358 2228 cognoscit.
1414 2191 1534 2226 neque
1551 2187 1573 2216 8

264 2247 428 2283 nescium
475 2245 634 2281 habebat
680 2245 856 2280 Anteium
903 2244 1052 2280 caritate
1099 2244 1326 2291 Agrippinae
1380 2243 1535 2278 invisum

265 2308 406 2345 Neroni
444 2319 606 2356 opesque
635 2307 712 2344 eius
750 2308 967 2355 praecipuas
995 2306 1043 2342 ad
1080 2306 1296 2343 eliciendam
1326 2306 1535 2353 cupidinem
