1725 2653
566 182 795 216 CORNELII
824 185 988 216 TACJTJ
1011 184 1278 216 ANNALIUM
1328 175 1459 231 [stuc.
1480 186 1551 217 811.

277 292 384 331 retur,
416 286 583 323 suaderet
612 287 909 324 dissuaderetve?
951 287 1057 324 licere
1094 288 1268 335 patribus,
1299 288 1468 336 quotiens
1496 288 1552 323 ius

278 349 456 386 dicendae
503 351 701 387 sententiae
749 352 988 399 accepissent,
1026 364 1121 399 quae
1158 352 1298 394 vellcnt
1337 339 1551 403 expromere

278 413 565 462 relationemque
611 415 647 449 in
694 426 738 450 ea
784 415 978 462 postulare.
1034 427 1081 450 an
1127 415 1248 450 solum
1294 406 1555 451 emendatione
1570 422 1589 449 3

280 476 443 523 dignum,
473 488 520 512 ne
551 476 737 525 Syracusis
767 478 975 525 spectacula
1003 478 1140 524 largius
1166 477 1384 514 ederentur:
1433 484 1552 513 cetera

244 553 260 583 5
280 550 344 586 per
380 550 510 576 omnes
546 540 687 588 imperii
725 548 845 588 partes
878 540 1028 588 perinde
1066 540 1224 588 egregia,
1262 552 1374 588 quam
1412 541 1440 577 si
1477 551 1551 576 non

281 601 383 637 Nero
410 602 475 638 sed
503 602 670 640 Thrasea
695 604 861 651 regimen
886 616 1015 641 eorum
1041 605 1198 640 teneret?
1228 604 1328 652 quod
1354 604 1382 640 si
1408 615 1553 640 summa
1569 610 1592 637 4

280 665 569 702 dissimulatione
595 667 931 712 transmitterentur,
952 673 1091 716 quanto
1111 667 1229 714 magis
1250 667 1421 707 inanibus
1441 668 1550 704 absti-

280 728 467 765 nendum?
497 729 665 766 Thrasea
685 737 822 776 contra,
849 732 1029 767 rationem
1058 731 1295 778 poscentibus
1320 731 1456 774 amicis,
1477 742 1550 767 non
1571 744 1591 772 5

281 793 528 839 praesentium
555 793 725 840 ignarum
751 794 995 842 respondebat
1016 794 1093 830 eius
1121 794 1221 830 modi
1250 794 1418 830 consulta
1445 795 1553 830 corri-

226 874 263 894 10
281 867 377 903 gere,
395 856 459 892 sed
472 864 615 905 patrum
636 857 766 894 honori
787 858 884 902 dare,
904 865 942 894 ut
962 857 1193 893 manifestum
1216 857 1314 893 fieret
1334 869 1554 904 magnarum

281 931 401 955 rerum
422 931 547 957 curam
567 932 644 956 non
664 920 963 968 dissimulaturos,
981 921 1041 969 qui
1057 920 1219 956 animum
1241 921 1350 957 etiam
1366 920 1554 958 levissimis

281 981 517 1019 adverterent.
699 975 702 977 Δ

333 1050 399 1083 50.
428 1046 573 1083 Eodem
587 1059 685 1084 anno
702 1048 838 1084 crebris
852 1047 975 1096 populi
989 1047 1283 1096 flagitationibus,
1296 1047 1552 1085 immodestiam

283 1110 563 1158 publicanorum
584 1112 778 1158 arguentis,
799 1111 974 1147 dubitavit
1001 1111 1113 1155 Nero,
1135 1123 1182 1146 an
1210 1118 1342 1164 Q&
1362 1110 1553 1158 vectigalia

229 1188 264 1219 15
284 1173 399 1209 omitti
418 1173 557 1209 iuberet
571 1173 681 1221 idque
708 1174 995 1221 pulcherrimum
1023 1174 1162 1211 donum
1187 1168 1314 1222 gerssefi
1341 1174 1551 1210 mortalium

284 1237 394 1273 daret.
449 1236 514 1273 sed
533 1237 711 1285 impetum
731 1238 818 1282 eius,
842 1238 997 1273 multum
1017 1238 1115 1285 prius
1134 1238 1279 1274 laudata
1298 1238 1551 1285 magnitudine
1571 1250 1591 1278 2

284 1301 407 1345 animi,
429 1300 604 1337 attinuere
625 1307 823 1345 senatores
847 1301 1126 1338 dissolutionem
1152 1301 1294 1349 imperii
1320 1301 1500 1346 docendo,
1522 1302 1551 1337 si

283 1363 419 1399 fructus
438 1364 571 1416 quibus
587 1376 642 1400 res
657 1364 804 1412 publica
819 1365 1055 1401 sustineretur
1070 1365 1362 1401 deminuerentur
1377 1378 1384 1401 :
1415 1365 1553 1412 quippe

284 1418 616 1476 sublatis'poitoriis
630 1439 785 1477 sequens
801 1435 839 1464 ut
853 1429 1066 1482 tributorum
1082 1428 1231 1464 abolitio
1252 1428 1552 1475 expostularetur.

231 1506 268 1528 20
285 1490 477 1538 plerasque
493 1491 723 1538 vectigalium
739 1480 927 1528 societates
943 1503 964 1527 a
980 1492 1189 1527 consulibus
1204 1497 1239 1527 et
1259 1492 1414 1527 tribunis
1434 1491 1552 1539 plebei
1570 1501 1590 1529 3

286 1555 500 1590 constitutas
519 1555 590 1590 acri
610 1555 720 1590 etiam
746 1561 823 1591 tum
850 1555 975 1603 populi
1002 1554 1162 1590 Romani
1190 1554 1378 1599 libertate;
1416 1555 1554 1603 reliqua
1587 1567 1599 1606 ζ

286 1629 372 1654 mox
395 1618 443 1653 ita
458 1618 611 1665 provisa,
628 1624 666 1654 ut
685 1619 776 1654 ratio
792 1626 1010 1667 quaestuum
1032 1624 1067 1654 et
1080 1617 1278 1654 necessitas
1298 1619 1462 1665 erogatio
1491 1629 1553 1653 um

285 1681 377 1717 inter
397 1693 435 1717 se
455 1688 682 1728 congrueret.
737 1681 994 1729 temperandas
1020 1681 1127 1728 plane
1151 1668 1427 1728 publicanorum
1453 1682 1554 1729 cupi·
1572 1690 1594 1718 4

287 1745 401 1789 dines,
421 1757 467 1781 ne
487 1756 551 1792 per
570 1751 624 1781 tot
644 1757 760 1781 annos
783 1745 860 1781 sine
880 1745 1040 1793 querella
1059 1745 1209 1781 tolerata
1229 1745 1332 1781 novis
1352 1746 1554 1782 acerbitati-

231 1821 267 1852 ²5
286 1809 354 1844 bus
373 1808 420 1844 ad
441 1807 613 1843 invidiam
633 1814 818 1844 verterent.

341 1876 400 1908 51.
429 1871 530 1918 Ergo
551 1871 662 1907 edixit
675 1871 857 1918 princeps,
871 1877 909 1906 ut
923 1870 1023 1918 leges
1039 1871 1213 1918 cuiusque
1227 1871 1372 1917 publici,
1389 1871 1553 1908 occultae

288 1935 334 1970 ad
355 1935 391 1970 id
414 1941 569 1982 tempuS,
590 1934 901 1981 proscriberentur
917 1947 928 1979 3
964 1934 1119 1970 omissas
1144 1926 1336 1982 petitiones
1361 1946 1436 1970 non
1461 1934 1554 1970 ultra

288 2009 426 2033 annum
452 1985 676 2033 resumerent
692 2009 700 2041 ;
735 1995 877 2048 Romae
904 2004 1058 2044 praetor,
1079 2009 1145 2044 per
1169 1997 1373 2044 provincias
1399 1997 1460 2044 qui
1487 2008 1554 2044 pro

288 2066 454 2108 praetore
474 2066 535 2096 aut
554 2060 702 2096 consule
719 2066 838 2096 essent
853 2054 930 2095 iura
950 2060 1122 2095 adversus
1141 2059 1360 2106 publicanos
1375 2066 1476 2096 extra
1495 2072 1552 2096 or-

233 2141 272 2171 30
290 2124 413 2160 dinem
438 2124 650 2170 redderent;
683 2114 1091 2158 militibus'immunitas
1117 2128 1329 2166 servaretur,
1358 2122 1426 2157 nisi
1449 2123 1484 2158 in
1511 2124 1554 2159 iis

289 2199 381 2236 quae
405 2199 500 2223 veno
525 2193 760 2230 exercerent;
789 2185 931 2232 aliaque
955 2185 1155 2221 admodum
1181 2196 1308 2232 acqua,
1335 2196 1429 2232 quae
1457 2187 1553 2222 brevi

288 2257 440 2295 servata,
479 2250 562 2286 dein
598 2249 728 2285 frustra
764 2249 886 2285 habita
924 2255 1019 2285 sunt.
1090 2256 1214 2284 manet
1250 2257 1371 2285 tamen
1406 2250 1586 2287 abolitioss

290 2314 619 2363 quadragensimae
635 2311 1062 2361 quinquagensimaeque
1079 2318 1113 2348 et
1132 2323 1204 2359 qua
1219 2312 1288 2348 alia
1301 2312 1553 2350 exactionibus
