<?xml version="1.0" encoding="UTF-8"?>
<!DOCTYPE html PUBLIC "-//W3C//DTD XHTML 1.0 Transitional//EN"
    "http://www.w3.org/TR/xhtml1/DTD/xhtml1-transitional.dtd">
<html xmlns="http://www.w3.org/1999/xhtml" xml:lang="en" lang="en">
 <head>
  <title>
</title>
<meta http-equiv="Content-Type" content="text/html;charset=utf-8" />
  <meta name='ocr-system' content='tesseract 3.04.00' />
  <meta name='ocr-capabilities' content='ocr_page ocr_carea ocr_par ocr_line ocrx_word'/>
</head>
<body>
  <div class='ocr_page' id='page_1' title='image "./cornellitacitian00taci_0105.png"; bbox 0 0 1674 2653; ppageno 0'>
   <div class='ocr_carea' id='block_1_1' title="bbox 160 175 1103 228">
    <p class='ocr_par' dir='ltr' id='par_1_1' title="bbox 160 175 1103 228">
     <span class='ocr_line' id='line_1_1' title="bbox 160 175 1103 228; baseline -0.005 -13"><span class='ocrx_word' id='word_1_1' title='bbox 160 190 236 215; x_wconf 64' lang='grc' dir='ltr'><strong>Μ).</strong></span> <span class='ocrx_word' id='word_1_2' title='bbox 255 175 324 228; x_wconf 42' lang='grc' dir='ltr'><strong>σι]</strong></span> <span class='ocrx_word' id='word_1_3' title='bbox 507 183 654 213; x_wconf 73' lang='lat' dir='ltr'><em>LIBER</em></span> <span class='ocrx_word' id='word_1_4' title='bbox 681 181 779 213; x_wconf 79' lang='lat' dir='ltr'><strong>XIV,</strong></span> <span class='ocrx_word' id='word_1_5' title='bbox 839 182 935 212; x_wconf 82' lang='lat' dir='ltr'><em>CAP.</em></span> <span class='ocrx_word' id='word_1_6' title='bbox 965 177 1103 221; x_wconf 86' lang='lat'>48—51.</span> 
     </span>
    </p>
   </div>
   <div class='ocr_carea' id='block_1_2' title="bbox 122 279 1506 2359">
    <p class='ocr_par' dir='ltr' id='par_1_2' title="bbox 122 279 1480 649">
     <span class='ocr_line' id='line_1_2' title="bbox 122 279 1441 330; baseline -0.004 -10"><span class='ocrx_word' id='word_1_7' title='bbox 122 298 143 326; x_wconf 87' lang='lat'><strong>5</strong></span> <span class='ocrx_word' id='word_1_8' title='bbox 162 283 373 320; x_wconf 89' lang='lat' dir='ltr'><strong>absolvendi</strong></span> <span class='ocrx_word' id='word_1_9' title='bbox 394 283 590 319; x_wconf 79' lang='lat' dir='ltr'><strong>licentiam.</strong></span> <span class='ocrx_word' id='word_1_10' title='bbox 646 282 702 318; x_wconf 84' lang='lat' dir='ltr'><strong>his</strong></span> <span class='ocrx_word' id='word_1_11' title='bbox 722 288 831 330; x_wconf 89' lang='lat' dir='ltr'><strong>atque</strong></span> <span class='ocrx_word' id='word_1_12' title='bbox 852 281 985 317; x_wconf 84' lang='lat' dir='ltr'><strong>talibus</strong></span> <span class='ocrx_word' id='word_1_13' title='bbox 1005 280 1161 317; x_wconf 85' lang='lat' dir='ltr'><strong>recitatis</strong></span> <span class='ocrx_word' id='word_1_14' title='bbox 1181 286 1215 316; x_wconf 91' lang='lat' dir='ltr'><strong>et</strong></span> <span class='ocrx_word' id='word_1_15' title='bbox 1235 279 1441 316; x_wconf 87' lang='lat' dir='ltr'><strong>offensione</strong></span> 
     </span>
     <span class='ocr_line' id='line_1_3' title="bbox 160 343 1443 392; baseline -0.003 -10"><span class='ocrx_word' id='word_1_16' title='bbox 160 346 364 392; x_wconf 87' lang='lat' dir='ltr'><strong>manifesta,</strong></span> <span class='ocrx_word' id='word_1_17' title='bbox 395 358 471 382; x_wconf 91' lang='lat' dir='ltr'><strong>non</strong></span> <span class='ocrx_word' id='word_1_18' title='bbox 500 346 583 382; x_wconf 88' lang='lat' dir='ltr'><strong>ideo</strong></span> <span class='ocrx_word' id='word_1_19' title='bbox 613 352 674 381; x_wconf 89' lang='lat' dir='ltr'><strong>aut</strong></span> <span class='ocrx_word' id='word_1_20' title='bbox 704 345 877 381; x_wconf 88' lang='lat' dir='ltr'><strong>consules</strong></span> <span class='ocrx_word' id='word_1_21' title='bbox 906 351 1095 380; x_wconf 87' lang='lat' dir='ltr'><strong>mutavere</strong></span> <span class='ocrx_word' id='word_1_22' title='bbox 1129 343 1344 380; x_wconf 83' lang='lat' dir='ltr'>relationem</span> <span class='ocrx_word' id='word_1_23' title='bbox 1379 349 1443 378; x_wconf 89' lang='lat' dir='ltr'><strong>aut</strong></span> 
     </span>
     <span class='ocr_line' id='line_1_4' title="bbox 161 406 1443 454; baseline -0.004 -8"><span class='ocrx_word' id='word_1_24' title='bbox 161 410 329 446; x_wconf 85' lang='lat' dir='ltr'>Thrasea</span> <span class='ocrx_word' id='word_1_25' title='bbox 365 409 521 446; x_wconf 81' lang='lat' dir='ltr'><strong>decessit</strong></span> <span class='ocrx_word' id='word_1_26' title='bbox 557 409 738 444; x_wconf 84' lang='lat' dir='ltr'><strong>sententia</strong></span> <span class='ocrx_word' id='word_1_27' title='bbox 776 408 929 444; x_wconf 89' lang='lat' dir='ltr'><strong>ceterive</strong></span> <span class='ocrx_word' id='word_1_28' title='bbox 967 419 1061 454; x_wconf 90' lang='lat' dir='ltr'><strong>quae</strong></span> <span class='ocrx_word' id='word_1_29' title='bbox 1095 407 1342 454; x_wconf 88' lang='lat' dir='ltr'><strong>probaverant</strong></span> <span class='ocrx_word' id='word_1_30' title='bbox 1379 406 1443 442; x_wconf 91' lang='lat' dir='ltr'><strong>de-</strong></span> 
     </span>
     <span class='ocr_line' id='line_1_5' title="bbox 162 469 1443 520; baseline -0.004 -11"><span class='ocrx_word' id='word_1_31' title='bbox 162 485 317 517; x_wconf 87' lang='lat' dir='ltr'><strong>seruere,</strong></span> <span class='ocrx_word' id='word_1_32' title='bbox 351 484 445 520; x_wconf 88' lang='lat' dir='ltr'><strong>pars,</strong></span> <span class='ocrx_word' id='word_1_33' title='bbox 485 484 531 508; x_wconf 93' lang='lat' dir='ltr'><strong>ne</strong></span> <span class='ocrx_word' id='word_1_34' title='bbox 567 471 771 519; x_wconf 84' lang='lat' dir='ltr'><strong>principem</strong></span> <span class='ocrx_word' id='word_1_35' title='bbox 811 471 992 506; x_wconf 88' lang='lat' dir='ltr'><strong>obiecisse</strong></span> <span class='ocrx_word' id='word_1_36' title='bbox 1031 470 1187 506; x_wconf 88' lang='lat' dir='ltr'><strong>invidiae</strong></span> <span class='ocrx_word' id='word_1_37' title='bbox 1225 469 1443 512; x_wconf 91' lang='lat' dir='ltr'><strong>viderentur,</strong></span> 
     </span>
     <span class='ocr_line' id='line_1_6' title="bbox 162 533 1480 586; baseline -0.003 -14"><span class='ocrx_word' id='word_1_38' title='bbox 162 537 284 586; x_wconf 89' lang='lat' dir='ltr'><strong>plures</strong></span> <span class='ocrx_word' id='word_1_39' title='bbox 312 548 467 572; x_wconf 89' lang='lat' dir='ltr'><strong>numero</strong></span> <span class='ocrx_word' id='word_1_40' title='bbox 495 535 574 580; x_wconf 90' lang='lat' dir='ltr'><strong>tuti,</strong></span> <span class='ocrx_word' id='word_1_41' title='bbox 604 534 771 570; x_wconf 85' lang='lat' dir='ltr'><strong>Thrasea</strong></span> <span class='ocrx_word' id='word_1_42' title='bbox 801 541 905 570; x_wconf 89' lang='lat' dir='ltr'><strong>sueta</strong></span> <span class='ocrx_word' id='word_1_43' title='bbox 936 533 1158 569; x_wconf 87' lang='lat' dir='ltr'><strong>firmitudine</strong></span> <span class='ocrx_word' id='word_1_44' title='bbox 1191 533 1304 569; x_wconf 89' lang='lat' dir='ltr'><strong>animi</strong></span> <span class='ocrx_word' id='word_1_45' title='bbox 1333 539 1367 569; x_wconf 92' lang='lat' dir='ltr'><strong>et</strong></span> <span class='ocrx_word' id='word_1_46' title='bbox 1398 544 1443 568; x_wconf 92' lang='lat' dir='ltr'><strong>ne</strong></span> <span class='ocrx_word' id='word_1_47' title='bbox 1464 543 1480 574; x_wconf 89' lang='lat'>5</span> 
     </span>
     <span class='ocr_line' id='line_1_7' title="bbox 162 600 543 649; baseline -0.005 -12"><span class='ocrx_word' id='word_1_48' title='bbox 162 602 279 649; x_wconf 86' lang='lat' dir='ltr'><strong>gloria</strong></span> <span class='ocrx_word' id='word_1_49' title='bbox 298 600 543 636; x_wconf 84' lang='lat' dir='ltr'><strong>intercideret.</strong></span> 
     </span>
    </p>

    <p class='ocr_par' dir='ltr' id='par_1_3' title="bbox 125 661 1503 1213">
     <span class='ocr_line' id='line_1_8' title="bbox 215 661 1444 710; baseline -0.002 -10"><span class='ocrx_word' id='word_1_50' title='bbox 215 668 280 700; x_wconf 91' lang='lat'><strong>50.</strong></span> <span class='ocrx_word' id='word_1_51' title='bbox 312 663 426 699; x_wconf 91' lang='lat' dir='ltr'><strong>Haud</strong></span> <span class='ocrx_word' id='word_1_52' title='bbox 455 662 590 710; x_wconf 82' lang='lat' dir='ltr'><strong>dispari</strong></span> <span class='ocrx_word' id='word_1_53' title='bbox 619 662 770 698; x_wconf 89' lang='lat' dir='ltr'><strong>crimine</strong></span> <span class='ocrx_word' id='word_1_54' title='bbox 800 661 989 698; x_wconf 85' lang='lat' dir='ltr'><strong>Fabricius</strong></span> <span class='ocrx_word' id='word_1_55' title='bbox 1018 662 1176 698; x_wconf 87' lang='lat' dir='ltr'><strong>Veiento</strong></span> <span class='ocrx_word' id='word_1_56' title='bbox 1215 661 1444 698; x_wconf 85' lang='lat' dir='ltr'><strong>conflictatus</strong></span> 
     </span>
     <span class='ocr_line' id='line_1_9' title="bbox 162 725 1446 775; baseline -0.002 -12"><span class='ocrx_word' id='word_1_57' title='bbox 162 727 332 775; x_wconf 89' lang='lat' dir='ltr'><strong>estquod</strong></span> <span class='ocrx_word' id='word_1_58' title='bbox 351 727 466 763; x_wconf 87' lang='lat' dir='ltr'><strong>multa</strong></span> <span class='ocrx_word' id='word_1_59' title='bbox 485 734 521 762; x_wconf 90' lang='lat' dir='ltr'><strong>et</strong></span> <span class='ocrx_word' id='word_1_60' title='bbox 540 727 719 774; x_wconf 88' lang='lat' dir='ltr'><strong>probrosa</strong></span> <span class='ocrx_word' id='word_1_61' title='bbox 739 727 776 762; x_wconf 89' lang='lat' dir='ltr'><strong>in</strong></span> <span class='ocrx_word' id='word_1_62' title='bbox 796 732 917 773; x_wconf 86' lang='lat' dir='ltr'><strong>patres</strong></span> <span class='ocrx_word' id='word_1_63' title='bbox 937 732 972 762; x_wconf 92' lang='lat' dir='ltr'><strong>et</strong></span> <span class='ocrx_word' id='word_1_64' title='bbox 993 725 1201 762; x_wconf 84' lang='lat' dir='ltr'><strong>sacerdotes</strong></span> <span class='ocrx_word' id='word_1_65' title='bbox 1216 726 1446 772; x_wconf 86' lang='lat' dir='ltr'><strong>composuis-</strong></span> 
     </span>
     <span class='ocr_line' id='line_1_10' title="bbox 164 788 1446 838; baseline -0.002 -12"><span class='ocrx_word' id='word_1_66' title='bbox 164 797 216 827; x_wconf 86' lang='lat' dir='ltr'><strong>set</strong></span> <span class='ocrx_word' id='word_1_67' title='bbox 244 791 286 826; x_wconf 87' lang='lat' dir='ltr'><strong>iis</strong></span> <span class='ocrx_word' id='word_1_68' title='bbox 314 790 414 826; x_wconf 89' lang='lat' dir='ltr'><strong>libris</strong></span> <span class='ocrx_word' id='word_1_69' title='bbox 437 790 570 838; x_wconf 89' lang='lat' dir='ltr'><strong>quibus</strong></span> <span class='ocrx_word' id='word_1_70' title='bbox 600 801 741 825; x_wconf 87' lang='lat' dir='ltr'><strong>nomen</strong></span> <span class='ocrx_word' id='word_1_71' title='bbox 769 789 1022 825; x_wconf 87' lang='lat' dir='ltr'><strong>codicillorum</strong></span> <span class='ocrx_word' id='word_1_72' title='bbox 1051 789 1209 825; x_wconf 83' lang='lat' dir='ltr'><strong>dederat.</strong></span> <span class='ocrx_word' id='word_1_73' title='bbox 1265 788 1446 824; x_wconf 86' lang='lat' dir='ltr'><strong>adiciebat</strong></span> 
     </span>
     <span class='ocr_line' id='line_1_11' title="bbox 165 852 1503 900; baseline -0.001 -11"><span class='ocrx_word' id='word_1_74' title='bbox 165 854 310 890; x_wconf 90' lang='lat' dir='ltr'><strong>Tullius</strong></span> <span class='ocrx_word' id='word_1_75' title='bbox 331 853 512 890; x_wconf 90' lang='lat' dir='ltr'><strong>Geminus</strong></span> <span class='ocrx_word' id='word_1_76' title='bbox 536 859 728 889; x_wconf 88' lang='lat' dir='ltr'><strong>accusator</strong></span> <span class='ocrx_word' id='word_1_77' title='bbox 747 852 932 888; x_wconf 86' lang='lat' dir='ltr'><strong>venditata</strong></span> <span class='ocrx_word' id='word_1_78' title='bbox 953 853 1000 888; x_wconf 92' lang='lat' dir='ltr'><strong>ab</strong></span> <span class='ocrx_word' id='word_1_79' title='bbox 1021 864 1065 889; x_wconf 90' lang='lat' dir='ltr'><strong>eo</strong></span> <span class='ocrx_word' id='word_1_80' title='bbox 1090 864 1246 888; x_wconf 86' lang='lat' dir='ltr'><strong>munera</strong></span> <span class='ocrx_word' id='word_1_81' title='bbox 1272 852 1446 900; x_wconf 90' lang='lat' dir='ltr'><strong>principis</strong></span> <span class='ocrx_word' id='word_1_82' title='bbox 1468 862 1503 883; x_wconf 90' lang='lat'><strong>10</strong></span> 
     </span>
     <span class='ocr_line' id='line_1_12' title="bbox 125 915 1446 964; baseline -0.002 -11"><span class='ocrx_word' id='word_1_83' title='bbox 125 922 199 954; x_wconf 85' lang='lat' dir='ltr'><strong>2et</strong></span> <span class='ocrx_word' id='word_1_84' title='bbox 232 916 554 964; x_wconf 83' lang='lat' dir='ltr'><strong>adipiscendorum</strong></span> <span class='ocrx_word' id='word_1_85' title='bbox 592 916 776 952; x_wconf 87' lang='lat' dir='ltr'><strong>honorum</strong></span> <span class='ocrx_word' id='word_1_86' title='bbox 808 916 874 952; x_wconf 91' lang='lat' dir='ltr'><strong>ius.</strong></span> <span class='ocrx_word' id='word_1_87' title='bbox 931 927 1026 964; x_wconf 87' lang='lat' dir='ltr'><strong>quae</strong></span> <span class='ocrx_word' id='word_1_88' title='bbox 1057 927 1168 952; x_wconf 89' lang='lat' dir='ltr'><strong>causa</strong></span> <span class='ocrx_word' id='word_1_89' title='bbox 1203 915 1344 951; x_wconf 90' lang='lat' dir='ltr'><strong>Neroni</strong></span> <span class='ocrx_word' id='word_1_90' title='bbox 1381 915 1446 950; x_wconf 88' lang='lat' dir='ltr'><strong>fuit</strong></span> 
     </span>
     <span class='ocr_line' id='line_1_13' title="bbox 164 978 1447 1027; baseline -0.001 -12"><span class='ocrx_word' id='word_1_91' title='bbox 164 980 385 1027; x_wconf 89' lang='lat' dir='ltr'><strong>suscipiendi</strong></span> <span class='ocrx_word' id='word_1_92' title='bbox 418 980 551 1024; x_wconf 86' lang='lat' dir='ltr'><strong>iudicii,</strong></span> <span class='ocrx_word' id='word_1_93' title='bbox 581 981 865 1026; x_wconf 88' lang='lat' dir='ltr'><strong>convictumque</strong></span> <span class='ocrx_word' id='word_1_94' title='bbox 894 978 1143 1016; x_wconf 87' lang='lat' dir='ltr'><strong>Veientonem</strong></span> <span class='ocrx_word' id='word_1_95' title='bbox 1173 979 1277 1015; x_wconf 84' lang='lat' dir='ltr'><strong>Italia</strong></span> <span class='ocrx_word' id='word_1_96' title='bbox 1309 979 1447 1027; x_wconf 89' lang='lat' dir='ltr'><strong>depulit</strong></span> 
     </span>
     <span class='ocr_line' id='line_1_14' title="bbox 163 1043 1446 1091; baseline -0.002 -11"><span class='ocrx_word' id='word_1_97' title='bbox 163 1051 198 1080; x_wconf 90' lang='lat' dir='ltr'><strong>et</strong></span> <span class='ocrx_word' id='word_1_98' title='bbox 227 1044 340 1080; x_wconf 85' lang='lat' dir='ltr'><strong>libros</strong></span> <span class='ocrx_word' id='word_1_99' title='bbox 370 1043 472 1080; x_wconf 85' lang='lat' dir='ltr'><strong>exuri</strong></span> <span class='ocrx_word' id='word_1_100' title='bbox 502 1044 614 1087; x_wconf 88' lang='lat' dir='ltr'><strong>iussit,</strong></span> <span class='ocrx_word' id='word_1_101' title='bbox 644 1043 873 1090; x_wconf 88' lang='lat' dir='ltr'><strong>conquisitos</strong></span> <span class='ocrx_word' id='word_1_102' title='bbox 910 1043 1177 1091; x_wconf 82' lang='lat' dir='ltr'><strong>lectitatosque,</strong></span> <span class='ocrx_word' id='word_1_103' title='bbox 1207 1043 1325 1078; x_wconf 90' lang='lat' dir='ltr'><strong>donec</strong></span> <span class='ocrx_word' id='word_1_104' title='bbox 1362 1054 1446 1078; x_wconf 88' lang='lat' dir='ltr'><strong>cum</strong></span> 
     </span>
     <span class='ocr_line' id='line_1_15' title="bbox 164 1106 1445 1155; baseline -0.001 -13"><span class='ocrx_word' id='word_1_105' title='bbox 164 1107 328 1155; x_wconf 89' lang='lat' dir='ltr'><strong>periculo</strong></span> <span class='ocrx_word' id='word_1_106' title='bbox 376 1108 623 1155; x_wconf 86' lang='lat' dir='ltr'><strong>parabantur:</strong></span> <span class='ocrx_word' id='word_1_107' title='bbox 682 1119 770 1143; x_wconf 86' lang='lat' dir='ltr'><strong>mox</strong></span> <span class='ocrx_word' id='word_1_108' title='bbox 823 1107 969 1143; x_wconf 92' lang='lat' dir='ltr'><strong>licentia</strong></span> <span class='ocrx_word' id='word_1_109' title='bbox 1017 1106 1177 1143; x_wconf 87' lang='lat' dir='ltr'><strong>habendi</strong></span> <span class='ocrx_word' id='word_1_110' title='bbox 1223 1106 1445 1142; x_wconf 88' lang='lat' dir='ltr'><strong>oblivionem</strong></span> 
     </span>
     <span class='ocr_line' id='line_1_16' title="bbox 164 1170 1502 1213; baseline -0.003 -6"><span class='ocrx_word' id='word_1_111' title='bbox 164 1170 289 1207; x_wconf 85' lang='lat' dir='ltr'><strong>attulit.</strong></span> <span class='ocrx_word' id='word_1_112' title='bbox 1469 1182 1502 1213; x_wconf 89' lang='lat'><strong>15</strong></span> 
     </span>
    </p>

    <p class='ocr_par' dir='ltr' id='par_1_4' title="bbox 123 1232 1506 2359">
     <span class='ocr_line' id='line_1_17' title="bbox 218 1232 1447 1282; baseline -0.002 -12"><span class='ocrx_word' id='word_1_113' title='bbox 218 1238 278 1271; x_wconf 87' lang='lat'><strong>51.</strong></span> <span class='ocrx_word' id='word_1_114' title='bbox 309 1233 381 1270; x_wconf 91' lang='lat' dir='ltr'><strong>Sed</strong></span> <span class='ocrx_word' id='word_1_115' title='bbox 418 1235 717 1282; x_wconf 87' lang='lat' dir='ltr'><strong>gravescentibus</strong></span> <span class='ocrx_word' id='word_1_116' title='bbox 755 1234 792 1270; x_wconf 93' lang='lat' dir='ltr'><strong>in</strong></span> <span class='ocrx_word' id='word_1_117' title='bbox 829 1234 906 1270; x_wconf 90' lang='lat' dir='ltr'><strong>dies</strong></span> <span class='ocrx_word' id='word_1_118' title='bbox 944 1234 1100 1281; x_wconf 84' lang='lat' dir='ltr'><strong>publicis</strong></span> <span class='ocrx_word' id='word_1_119' title='bbox 1143 1233 1247 1269; x_wconf 84' lang='lat' dir='ltr'><strong>malis</strong></span> <span class='ocrx_word' id='word_1_120' title='bbox 1286 1232 1447 1269; x_wconf 86' lang='lat' dir='ltr'><strong>subsidia</strong></span> 
     </span>
     <span class='ocr_line' id='line_1_18' title="bbox 164 1296 1447 1346; baseline -0.002 -13"><span class='ocrx_word' id='word_1_121' title='bbox 164 1298 435 1343; x_wconf 88' lang='lat' dir='ltr'><strong>minuebantur,</strong></span> <span class='ocrx_word' id='word_1_122' title='bbox 464 1299 721 1346; x_wconf 86' lang='lat' dir='ltr'><strong>concessitque</strong></span> <span class='ocrx_word' id='word_1_123' title='bbox 750 1298 821 1333; x_wconf 87' lang='lat' dir='ltr'><strong>vita</strong></span> <span class='ocrx_word' id='word_1_124' title='bbox 852 1297 1000 1342; x_wconf 89' lang='lat' dir='ltr'><strong>Burrus,</strong></span> <span class='ocrx_word' id='word_1_125' title='bbox 1032 1297 1211 1332; x_wconf 86' lang='lat' dir='ltr'><strong>incertum</strong></span> <span class='ocrx_word' id='word_1_126' title='bbox 1241 1296 1447 1332; x_wconf 89' lang='lat' dir='ltr'><strong>valetudine</strong></span> 
     </span>
     <span class='ocr_line' id='line_1_19' title="bbox 125 1360 1447 1408; baseline -0.002 -10"><span class='ocrx_word' id='word_1_127' title='bbox 125 1370 145 1398; x_wconf 90' lang='lat'>2</span> <span class='ocrx_word' id='word_1_128' title='bbox 164 1373 211 1398; x_wconf 88' lang='lat' dir='ltr'><strong>an</strong></span> <span class='ocrx_word' id='word_1_129' title='bbox 231 1373 387 1399; x_wconf 87' lang='lat' dir='ltr'><strong>veneno.</strong></span> <span class='ocrx_word' id='word_1_130' title='bbox 441 1361 611 1398; x_wconf 91' lang='lat' dir='ltr'><strong>valetudo</strong></span> <span class='ocrx_word' id='word_1_131' title='bbox 631 1373 675 1398; x_wconf 86' lang='lat' dir='ltr'><strong>ex</strong></span> <span class='ocrx_word' id='word_1_132' title='bbox 696 1373 741 1397; x_wconf 91' lang='lat' dir='ltr'><strong>eo</strong></span> <span class='ocrx_word' id='word_1_133' title='bbox 760 1362 1045 1405; x_wconf 89' lang='lat' dir='ltr'><strong>coniectabatur,</strong></span> <span class='ocrx_word' id='word_1_134' title='bbox 1067 1360 1169 1408; x_wconf 91' lang='lat' dir='ltr'><strong>quod</strong></span> <span class='ocrx_word' id='word_1_135' title='bbox 1197 1360 1234 1396; x_wconf 90' lang='lat' dir='ltr'><strong>in</strong></span> <span class='ocrx_word' id='word_1_136' title='bbox 1263 1371 1300 1396; x_wconf 91' lang='lat' dir='ltr'><strong>se</strong></span> <span class='ocrx_word' id='word_1_137' title='bbox 1329 1366 1447 1396; x_wconf 88' lang='lat' dir='ltr'><strong>tume-</strong></span> 
     </span>
     <span class='ocr_line' id='line_1_20' title="bbox 167 1423 1447 1473; baseline -0.002 -12"><span class='ocrx_word' id='word_1_138' title='bbox 167 1426 354 1462; x_wconf 89' lang='lat' dir='ltr'><strong>scentibus</strong></span> <span class='ocrx_word' id='word_1_139' title='bbox 394 1425 571 1473; x_wconf 86' lang='lat' dir='ltr'><strong>paulatim</strong></span> <span class='ocrx_word' id='word_1_140' title='bbox 613 1424 779 1461; x_wconf 88' lang='lat' dir='ltr'><strong>faucibus</strong></span> <span class='ocrx_word' id='word_1_141' title='bbox 812 1431 848 1461; x_wconf 91' lang='lat' dir='ltr'><strong>et</strong></span> <span class='ocrx_word' id='word_1_142' title='bbox 889 1424 1068 1472; x_wconf 88' lang='lat' dir='ltr'><strong>impedito</strong></span> <span class='ocrx_word' id='word_1_143' title='bbox 1115 1430 1239 1460; x_wconf 83' lang='lat' dir='ltr'><strong>meatu</strong></span> <span class='ocrx_word' id='word_1_144' title='bbox 1281 1423 1447 1472; x_wconf 89' lang='lat' dir='ltr'><strong>spiritum</strong></span> 
     </span>
     <span class='ocr_line' id='line_1_21' title="bbox 125 1487 1506 1536; baseline -0.004 -11"><span class='ocrx_word' id='word_1_145' title='bbox 125 1497 146 1525; x_wconf 86' lang='lat'><strong>3</strong></span> <span class='ocrx_word' id='word_1_146' title='bbox 166 1489 324 1524; x_wconf 85' lang='lat' dir='ltr'><strong>finiebat.</strong></span> <span class='ocrx_word' id='word_1_147' title='bbox 379 1489 502 1536; x_wconf 90' lang='lat' dir='ltr'><strong>plures</strong></span> <span class='ocrx_word' id='word_1_148' title='bbox 527 1488 630 1525; x_wconf 89' lang='lat' dir='ltr'><strong>iussu</strong></span> <span class='ocrx_word' id='word_1_149' title='bbox 651 1487 823 1533; x_wconf 90' lang='lat' dir='ltr'><strong>Neronis,</strong></span> <span class='ocrx_word' id='word_1_150' title='bbox 845 1488 950 1536; x_wconf 87' lang='lat' dir='ltr'><strong>quasi</strong></span> <span class='ocrx_word' id='word_1_151' title='bbox 979 1487 1183 1524; x_wconf 88' lang='lat' dir='ltr'><strong>remedium</strong></span> <span class='ocrx_word' id='word_1_152' title='bbox 1203 1487 1445 1529; x_wconf 88' lang='lat' dir='ltr'><strong>adhiberetur,</strong></span> <span class='ocrx_word' id='word_1_153' title='bbox 1468 1499 1506 1520; x_wconf 92' lang='lat'><strong>20</strong></span> 
     </span>
     <span class='ocr_line' id='line_1_22' title="bbox 164 1551 1447 1600; baseline -0.001 -13"><span class='ocrx_word' id='word_1_154' title='bbox 164 1552 309 1588; x_wconf 88' lang='lat' dir='ltr'><strong>inlitum</strong></span> <span class='ocrx_word' id='word_1_155' title='bbox 346 1552 510 1600; x_wconf 91' lang='lat' dir='ltr'><strong>palatum</strong></span> <span class='ocrx_word' id='word_1_156' title='bbox 549 1553 626 1589; x_wconf 89' lang='lat' dir='ltr'><strong>eius</strong></span> <span class='ocrx_word' id='word_1_157' title='bbox 663 1552 776 1589; x_wconf 85' lang='lat' dir='ltr'><strong>noxio</strong></span> <span class='ocrx_word' id='word_1_158' title='bbox 813 1551 1061 1588; x_wconf 89' lang='lat' dir='ltr'><strong>medicamine</strong></span> <span class='ocrx_word' id='word_1_159' title='bbox 1099 1551 1376 1596; x_wconf 87' lang='lat' dir='ltr'><strong>adseverabant,</strong></span> <span class='ocrx_word' id='word_1_160' title='bbox 1412 1557 1447 1586; x_wconf 87' lang='lat' dir='ltr'><strong>et</strong></span> 
     </span>
     <span class='ocr_line' id='line_1_23' title="bbox 165 1614 1448 1662; baseline -0.002 -11"><span class='ocrx_word' id='word_1_161' title='bbox 165 1615 324 1651; x_wconf 91' lang='lat' dir='ltr'><strong>Burrum</strong></span> <span class='ocrx_word' id='word_1_162' title='bbox 353 1615 538 1652; x_wconf 80' lang='lat' dir='ltr'><strong>intellecto</strong></span> <span class='ocrx_word' id='word_1_163' title='bbox 568 1615 717 1660; x_wconf 90' lang='lat' dir='ltr'><strong>scelere,</strong></span> <span class='ocrx_word' id='word_1_164' title='bbox 747 1627 832 1651; x_wconf 88' lang='lat' dir='ltr'><strong>cum</strong></span> <span class='ocrx_word' id='word_1_165' title='bbox 861 1615 908 1650; x_wconf 91' lang='lat' dir='ltr'><strong>ad</strong></span> <span class='ocrx_word' id='word_1_166' title='bbox 937 1615 1128 1651; x_wconf 91' lang='lat' dir='ltr'><strong>visendum</strong></span> <span class='ocrx_word' id='word_1_167' title='bbox 1157 1626 1243 1651; x_wconf 90' lang='lat' dir='ltr'><strong>eum</strong></span> <span class='ocrx_word' id='word_1_168' title='bbox 1276 1614 1448 1662; x_wconf 90' lang='lat' dir='ltr'><strong>princeps</strong></span> 
     </span>
     <span class='ocr_line' id='line_1_24' title="bbox 164 1677 1446 1727; baseline -0.002 -12"><span class='ocrx_word' id='word_1_169' title='bbox 164 1679 331 1724; x_wconf 90' lang='lat' dir='ltr'><strong>venisset,</strong></span> <span class='ocrx_word' id='word_1_170' title='bbox 371 1686 561 1727; x_wconf 81' lang='lat' dir='ltr'><strong>aspectum</strong></span> <span class='ocrx_word' id='word_1_171' title='bbox 599 1679 675 1715; x_wconf 91' lang='lat' dir='ltr'><strong>eius</strong></span> <span class='ocrx_word' id='word_1_172' title='bbox 713 1685 920 1714; x_wconf 87' lang='lat' dir='ltr'><strong>aversatum</strong></span> <span class='ocrx_word' id='word_1_173' title='bbox 958 1678 1155 1720; x_wconf 82' lang='lat' dir='ltr'><strong>sciscitanti</strong></span> <span class='ocrx_word' id='word_1_174' title='bbox 1188 1677 1367 1714; x_wconf 88' lang='lat' dir='ltr'><strong>hactenus</strong></span> <span class='ocrx_word' id='word_1_175' title='bbox 1396 1689 1446 1712; x_wconf 88' lang='lat' dir='ltr'><strong>re-</strong></span> 
     </span>
     <span class='ocr_line' id='line_1_25' title="bbox 123 1740 1445 1790; baseline -0.002 -12"><span class='ocrx_word' id='word_1_176' title='bbox 123 1750 147 1778; x_wconf 82' lang='lat'>4</span> <span class='ocrx_word' id='word_1_177' title='bbox 165 1743 380 1790; x_wconf 87' lang='lat' dir='ltr'><strong>spondisse:</strong></span> <span class='ocrx_word' id='word_1_178' title='bbox 411 1746 502 1790; x_wconf 91' lang='lat' dir='ltr'><strong>‘ego</strong></span> <span class='ocrx_word' id='word_1_179' title='bbox 523 1754 582 1778; x_wconf 91' lang='lat' dir='ltr'><strong>me</strong></span> <span class='ocrx_word' id='word_1_180' title='bbox 603 1743 698 1778; x_wconf 86' lang='lat' dir='ltr'><strong>bene</strong></span> <span class='ocrx_word' id='word_1_181' title='bbox 719 1740 863 1778; x_wconf 67' lang='lat' dir='ltr'><strong>habeo?</strong></span> <span class='ocrx_word' id='word_1_182' title='bbox 920 1741 1055 1778; x_wconf 84' lang='lat' dir='ltr'><strong>civitati</strong></span> <span class='ocrx_word' id='word_1_183' title='bbox 1075 1741 1213 1789; x_wconf 85' lang='lat' dir='ltr'><strong>grande</strong></span> <span class='ocrx_word' id='word_1_184' title='bbox 1227 1741 1445 1776; x_wconf 89' lang='lat' dir='ltr'><strong>desiderium</strong></span> 
     </span>
     <span class='ocr_line' id='line_1_26' title="bbox 163 1804 1502 1854; baseline -0.004 -12"><span class='ocrx_word' id='word_1_185' title='bbox 163 1807 241 1842; x_wconf 88' lang='lat' dir='ltr'><strong>eius</strong></span> <span class='ocrx_word' id='word_1_186' title='bbox 268 1805 402 1842; x_wconf 89' lang='lat' dir='ltr'><strong>mansit</strong></span> <span class='ocrx_word' id='word_1_187' title='bbox 431 1817 497 1854; x_wconf 88' lang='lat' dir='ltr'><strong>per</strong></span> <span class='ocrx_word' id='word_1_188' title='bbox 516 1806 733 1842; x_wconf 87' lang='lat' dir='ltr'><strong>memoriam</strong></span> <span class='ocrx_word' id='word_1_189' title='bbox 762 1806 900 1841; x_wconf 85' lang='lat' dir='ltr'><strong>virtutis</strong></span> <span class='ocrx_word' id='word_1_190' title='bbox 935 1812 969 1842; x_wconf 91' lang='lat' dir='ltr'><strong>et</strong></span> <span class='ocrx_word' id='word_1_191' title='bbox 1007 1816 1263 1841; x_wconf 89' lang='lat' dir='ltr'><strong>successorum</strong></span> <span class='ocrx_word' id='word_1_192' title='bbox 1300 1804 1446 1840; x_wconf 87' lang='lat' dir='ltr'><strong>alterius</strong></span> <span class='ocrx_word' id='word_1_193' title='bbox 1467 1815 1502 1845; x_wconf 83' lang='lat'><strong>25</strong></span> 
     </span>
     <span class='ocr_line' id='line_1_27' title="bbox 125 1867 1446 1917; baseline -0.002 -13"><span class='ocrx_word' id='word_1_194' title='bbox 125 1877 146 1905; x_wconf 86' lang='lat'><strong>5</strong></span> <span class='ocrx_word' id='word_1_195' title='bbox 165 1880 318 1916; x_wconf 89' lang='lat' dir='ltr'><strong>segnem</strong></span> <span class='ocrx_word' id='word_1_196' title='bbox 347 1869 609 1913; x_wconf 88' lang='lat' dir='ltr'><strong>innocentiam,</strong></span> <span class='ocrx_word' id='word_1_197' title='bbox 633 1869 780 1905; x_wconf 86' lang='lat' dir='ltr'><strong>alterius</strong></span> <span class='ocrx_word' id='word_1_198' title='bbox 809 1869 1079 1917; x_wconf 87' lang='lat' dir='ltr'><strong>flagrantissma</strong></span> <span class='ocrx_word' id='word_1_199' title='bbox 1107 1868 1253 1916; x_wconf 86' lang='lat' dir='ltr'><strong>flagitia.</strong></span> <span class='ocrx_word' id='word_1_200' title='bbox 1310 1867 1446 1914; x_wconf 86' lang='lat' dir='ltr'><strong>quippe</strong></span> 
     </span>
     <span class='ocr_line' id='line_1_28' title="bbox 166 1931 1446 1980; baseline -0.002 -12"><span class='ocrx_word' id='word_1_201' title='bbox 166 1931 305 1968; x_wconf 85' lang='lat' dir='ltr'><strong>Caesar</strong></span> <span class='ocrx_word' id='word_1_202' title='bbox 351 1932 445 1969; x_wconf 93' lang='lat' dir='ltr'><strong>duos</strong></span> <span class='ocrx_word' id='word_1_203' title='bbox 491 1933 683 1980; x_wconf 87' lang='lat' dir='ltr'><strong>praetoriis</strong></span> <span class='ocrx_word' id='word_1_204' title='bbox 730 1932 943 1969; x_wconf 87' lang='lat' dir='ltr'><strong>cohortibus</strong></span> <span class='ocrx_word' id='word_1_205' title='bbox 985 1933 1221 1980; x_wconf 83' lang='lat' dir='ltr'><strong>imposuerat,</strong></span> <span class='ocrx_word' id='word_1_206' title='bbox 1266 1931 1446 1967; x_wconf 87' lang='lat' dir='ltr'><strong>Faenium</strong></span> 
     </span>
     <span class='ocr_line' id='line_1_29' title="bbox 166 1994 1447 2043; baseline -0.001 -13"><span class='ocrx_word' id='word_1_207' title='bbox 166 1994 306 2031; x_wconf 89' lang='lat' dir='ltr'><strong>Rufum</strong></span> <span class='ocrx_word' id='word_1_208' title='bbox 334 2007 379 2031; x_wconf 87' lang='lat' dir='ltr'><strong>ex</strong></span> <span class='ocrx_word' id='word_1_209' title='bbox 399 1996 496 2043; x_wconf 85' lang='lat' dir='ltr'><strong>vulgi</strong></span> <span class='ocrx_word' id='word_1_210' title='bbox 524 1995 659 2039; x_wconf 88' lang='lat' dir='ltr'><strong>favore,</strong></span> <span class='ocrx_word' id='word_1_211' title='bbox 679 1996 766 2043; x_wconf 90' lang='lat' dir='ltr'><strong>quia</strong></span> <span class='ocrx_word' id='word_1_212' title='bbox 785 2008 864 2031; x_wconf 89' lang='lat' dir='ltr'><strong>rem</strong></span> <span class='ocrx_word' id='word_1_213' title='bbox 890 1996 1167 2032; x_wconf 88' lang='lat' dir='ltr'><strong>frumentariam</strong></span> <span class='ocrx_word' id='word_1_214' title='bbox 1190 1996 1268 2032; x_wconf 90' lang='lat' dir='ltr'><strong>sine</strong></span> <span class='ocrx_word' id='word_1_215' title='bbox 1290 2000 1447 2043; x_wconf 87' lang='lat' dir='ltr'><strong>quaestu</strong></span> 
     </span>
     <span class='ocr_line' id='line_1_30' title="bbox 165 2058 1446 2107; baseline -0.002 -13"><span class='ocrx_word' id='word_1_216' title='bbox 165 2059 356 2103; x_wconf 89' lang='lat' dir='ltr'><strong>tractabat,</strong></span> <span class='ocrx_word' id='word_1_217' title='bbox 381 2058 574 2095; x_wconf 85' lang='lat' dir='ltr'><strong>Sofonium</strong></span> <span class='ocrx_word' id='word_1_218' title='bbox 600 2058 841 2107; x_wconf 90' lang='lat' dir='ltr'><strong>Tigellinum,</strong></span> <span class='ocrx_word' id='word_1_219' title='bbox 871 2065 1031 2095; x_wconf 87' lang='lat' dir='ltr'><strong>veterem</strong></span> <span class='ocrx_word' id='word_1_220' title='bbox 1059 2059 1312 2106; x_wconf 89' lang='lat' dir='ltr'><strong>inpudicitiam</strong></span> <span class='ocrx_word' id='word_1_221' title='bbox 1337 2064 1446 2105; x_wconf 90' lang='lat' dir='ltr'><strong>atque</strong></span> 
     </span>
     <span class='ocr_line' id='line_1_31' title="bbox 123 2121 1504 2171; baseline -0.002 -14"><span class='ocrx_word' id='word_1_222' title='bbox 123 2128 146 2157; x_wconf 84' lang='lat'><strong>6</strong></span> <span class='ocrx_word' id='word_1_223' title='bbox 165 2121 356 2158; x_wconf 88' lang='lat' dir='ltr'><strong>infamiam</strong></span> <span class='ocrx_word' id='word_1_224' title='bbox 376 2122 414 2158; x_wconf 90' lang='lat' dir='ltr'><strong>in</strong></span> <span class='ocrx_word' id='word_1_225' title='bbox 429 2134 474 2158; x_wconf 92' lang='lat' dir='ltr'><strong>eo</strong></span> <span class='ocrx_word' id='word_1_226' title='bbox 490 2129 646 2159; x_wconf 87' lang='lat' dir='ltr'><strong>secutus.</strong></span> <span class='ocrx_word' id='word_1_227' title='bbox 701 2130 810 2171; x_wconf 92' lang='lat' dir='ltr'><strong>atque</strong></span> <span class='ocrx_word' id='word_1_228' title='bbox 830 2123 880 2158; x_wconf 92' lang='lat' dir='ltr'><strong>illi</strong></span> <span class='ocrx_word' id='word_1_229' title='bbox 899 2134 967 2170; x_wconf 93' lang='lat' dir='ltr'><strong>pro</strong></span> <span class='ocrx_word' id='word_1_230' title='bbox 986 2123 1142 2169; x_wconf 89' lang='lat' dir='ltr'><strong>cognitis</strong></span> <span class='ocrx_word' id='word_1_231' title='bbox 1154 2122 1318 2159; x_wconf 90' lang='lat' dir='ltr'><strong>moribus</strong></span> <span class='ocrx_word' id='word_1_232' title='bbox 1334 2123 1443 2167; x_wconf 86' lang='lat' dir='ltr'><strong>fuere,</strong></span> <span class='ocrx_word' id='word_1_233' title='bbox 1465 2134 1504 2164; x_wconf 77' lang='lat'><strong>30</strong></span> 
     </span>
     <span class='ocr_line' id='line_1_32' title="bbox 164 2184 1445 2234; baseline 0.001 -14"><span class='ocrx_word' id='word_1_234' title='bbox 164 2184 318 2221; x_wconf 87' lang='lat' dir='ltr'><strong>validior</strong></span> <span class='ocrx_word' id='word_1_235' title='bbox 347 2184 555 2232; x_wconf 88' lang='lat' dir='ltr'><strong>Tigellinus</strong></span> <span class='ocrx_word' id='word_1_236' title='bbox 582 2185 620 2221; x_wconf 91' lang='lat' dir='ltr'><strong>in</strong></span> <span class='ocrx_word' id='word_1_237' title='bbox 649 2186 774 2222; x_wconf 86' lang='lat' dir='ltr'><strong>animo</strong></span> <span class='ocrx_word' id='word_1_238' title='bbox 802 2186 980 2234; x_wconf 89' lang='lat' dir='ltr'><strong>principis</strong></span> <span class='ocrx_word' id='word_1_239' title='bbox 1008 2193 1042 2221; x_wconf 88' lang='lat' dir='ltr'><strong>et</strong></span> <span class='ocrx_word' id='word_1_240' title='bbox 1071 2185 1207 2221; x_wconf 90' lang='lat' dir='ltr'><strong>intimis</strong></span> <span class='ocrx_word' id='word_1_241' title='bbox 1236 2185 1445 2221; x_wconf 86' lang='lat' dir='ltr'><strong>libidinibus</strong></span> 
     </span>
     <span class='ocr_line' id='line_1_33' title="bbox 166 2247 1442 2297; baseline 0.001 -15"><span class='ocrx_word' id='word_1_242' title='bbox 166 2247 392 2295; x_wconf 85' lang='lat' dir='ltr'><strong>adsumptus,</strong></span> <span class='ocrx_word' id='word_1_243' title='bbox 422 2260 598 2296; x_wconf 87' lang='lat' dir='ltr'><strong>prospera</strong></span> <span class='ocrx_word' id='word_1_244' title='bbox 626 2249 752 2297; x_wconf 91' lang='lat' dir='ltr'><strong>populi</strong></span> <span class='ocrx_word' id='word_1_245' title='bbox 790 2256 825 2284; x_wconf 89' lang='lat' dir='ltr'><strong>et</strong></span> <span class='ocrx_word' id='word_1_246' title='bbox 859 2249 1014 2284; x_wconf 89' lang='lat' dir='ltr'><strong>militum</strong></span> <span class='ocrx_word' id='word_1_247' title='bbox 1051 2250 1149 2284; x_wconf 88' lang='lat' dir='ltr'><strong>fama</strong></span> <span class='ocrx_word' id='word_1_248' title='bbox 1184 2247 1313 2294; x_wconf 77' lang='lat' dir='ltr'><strong>Rufus,</strong></span> <span class='ocrx_word' id='word_1_249' title='bbox 1343 2247 1442 2296; x_wconf 89' lang='lat' dir='ltr'><strong>quod</strong></span> 
     </span>
     <span class='ocr_line' id='line_1_34' title="bbox 165 2310 1001 2359; baseline 0.001 -12"><span class='ocrx_word' id='word_1_250' title='bbox 165 2310 265 2358; x_wconf 88' lang='lat' dir='ltr'><strong>apud</strong></span> <span class='ocrx_word' id='word_1_251' title='bbox 293 2310 485 2347; x_wconf 86' lang='lat' dir='ltr'><strong>Neronem</strong></span> <span class='ocrx_word' id='word_1_252' title='bbox 513 2311 707 2347; x_wconf 87' lang='lat' dir='ltr'><strong>adversum</strong></span> <span class='ocrx_word' id='word_1_253' title='bbox 735 2311 1001 2359; x_wconf 86' lang='lat' dir='ltr'><strong>experiebatur.</strong></span> 
     </span>
    </p>
   </div>
  </div>
 </body>
</html>
