1674 2653
140 218 214 243 m).
236 203 305 256 64.]
478 210 624 240 LIBER
651 209 729 239 XV.
788 209 883 240 CAP.
917 212 1052 248 29-35·

140 311 244 355 ludis,
266 322 360 359 quos
384 316 423 346 ut
447 321 576 358 parum
607 308 782 352 celebres,
800 314 834 344 et
863 314 984 343 tantae
1009 308 1088 344 voci
1113 312 1290 354 angustos
1316 318 1414 354 sper-

103 382 122 409 2
141 375 260 410 nebat.
317 385 391 410 non
420 380 545 409 tamen
579 372 723 409 Rornae
755 372 915 419 incipere
946 383 1055 407 ausus
1086 370 1281 418 Neapolim
1310 371 1414 418 quasi

142 437 325 473 Graecam
350 437 481 472 urbam
508 436 664 483 delegit:
697 435 784 471 inde
814 436 956 471 initium
986 434 1073 479 fore,
1103 441 1141 469 ut
1167 441 1415 481 transgressus

141 501 176 536 in
199 500 379 537 Achaiam
407 500 644 547 insignesque
665 505 700 534 et
719 498 920 546 antiquitus
941 510 1061 534 sacras
1084 509 1241 534 coronas
1261 497 1415 544 adeptus

102 578 121 605 3
141 564 278 599 maiore
304 563 403 599 sama
430 563 548 599 studia
573 562 707 599 civium
733 561 885 598 eliceret.
941 573 1029 609 ergo
1053 566 1284 597 contractum
1311 561 1413 608 oppi-
1435 573 1451 603 5

142 628 322 663 danorum
352 626 491 674 vulgus,
521 632 556 661 et
584 637 677 674 quos
705 638 724 661 e
753 625 929 673 proximis
960 624 1113 660 coloniis
1141 631 1175 659 et
1205 624 1415 671 municipiis

140 690 217 726 eius
245 690 296 725 rei
321 689 420 725 fama
446 689 635 733 acciverat,
655 689 796 743 quique
826 687 1025 724 Caesarem
1053 700 1118 734 per
1144 687 1324 723 honorem
1355 693 1416 722 aut

140 753 259 789 varios
299 764 386 788 usus
424 759 620 796 sectantur,
658 752 768 787 etiam
807 751 962 787 militum
1005 750 1193 798 manipuli,
1236 751 1415 786 theatrum

142 815 470 863 Neapolitanorum
500 816 697 864 complent.

193 883 255 916 34.
286 879 375 923 Illic,
392 879 556 927 plerique
576 886 615 914 ut
631 879 909 922 arbitrabantur,
932 878 1044 922 triste,
1062 885 1098 914 ut
1116 878 1206 926 ipse,
1224 878 1414 926 providum

141 943 263 990 potius
304 950 338 978 et
380 943 550 978 secundis
587 942 800 977 numinibus
841 942 982 977 evenit:
1038 953 1124 977 nam
1166 953 1315 988 egresso
1353 941 1416 988 qui

142 1005 304 1041 adfuerat
331 1006 471 1053 populo
499 1017 652 1041 vacuum
678 1012 713 1040 et
739 1006 816 1041 sine
842 1004 948 1040 ullius
974 1016 1074 1040 noxa
1101 1005 1302 1040 threatrum
1326 1016 1415 1041 con-

103 1069 282 1116 2lapsum
320 1076 384 1104 est.
438 1080 528 1115 ergo
566 1080 631 1116 per
664 1068 880 1116 conpositos
913 1074 1043 1104 cantus
1075 1075 1195 1115 grates
1223 1068 1278 1104 dis
1306 1074 1416 1115 atque

142 1132 257 1179 ipsam
287 1132 443 1168 recentis
471 1143 578 1167 casus
604 1131 789 1167 fortunam
815 1131 1003 1167 celebrans
1030 1132 1281 1180 petiturusque
1304 1132 1416 1167 maris

143 1195 306 1231 Hadriae
345 1196 516 1232 traiectus
553 1195 653 1243 apud
683 1195 934 1231 Beneventum
967 1195 1110 1230 interim
1144 1196 1320 1237 consedit,
1352 1196 1414 1231 ubi

103 1268 123 1296 3
143 1258 397 1305 gladiatorium
432 1270 565 1294 munus
598 1270 619 1294 a
648 1257 799 1293 Vatinio
833 1258 977 1294 celebre
1006 1259 1191 1295 edebatur.
1245 1258 1415 1295 Vatinius

142 1322 235 1358 inter
272 1322 482 1358 foedissima
518 1322 596 1358 eius
632 1321 736 1357 aulae
769 1328 912 1357 ostenta
943 1321 1019 1364 suit,
1049 1322 1207 1358 sutiinae
1242 1323 1414 1359 tabernae

143 1385 324 1428 alumnus,
352 1397 508 1433 corpore
533 1385 689 1427 detorto,
710 1385 849 1420 facetiis
869 1384 1106 1429 scurrilibus;
1128 1385 1247 1432 primo
1268 1386 1303 1439 in
1326 1398 1414 1422 con-

142 1447 310 1484 tumelias
348 1448 577 1495 adsumptus,
613 1447 745 1483 dehinc
782 1448 909 1495 optimi
948 1448 1124 1496 cuiusque
1163 1449 1433 1492 ςῑίιῃίηὲιῖίοηθι

143 1522 187 1546 eo
214 1522 330 1559 usque
355 1511 476 1556 valuit,
504 1517 543 1547 ut
564 1511 691 1558 g1atia‚
715 1511 883 1559 pecunia,
912 1511 946 1547 vi
973 1511 1131 1548 nocendi
1159 1513 1268 1548 etiam
1297 1513 1414 1549 malos

142 1574 395 1622 praemineret.
420 1608 421 1611 ,

194 1641 257 1675 35.
284 1637 373 1673 Eius
394 1627 536 1695 ¹rri'unus
564 1637 809 1686 frequentanti
838 1638 978 1675 Neroni
1010 1651 1056 1675 ne
1090 1639 1183 1676 inter
1212 1640 1415 1688 voluptates

104 1715 124 1742 2
143 1701 293 1748 quidem
325 1713 347 1737 a
380 1692 576 1738 sceleribus
605 1703 825 1756 cessabatur.
880 1702 998 1738 isdem
1026 1703 1162 1751 quippe
1190 1704 1258 1740 illis
1287 1705 1414 1741 diebus

144 1763 357 1811 Torquatus
383 1763 527 1800 Silanus
552 1765 646 1801 mori
670 1750 837 1812 adigitur,
859 1766 943 1812 quia
970 1777 1079 1813 super
1104 1766 1231 1814 Iuniae
1244 1767 1415 1821 familiae

106 1842 126 1869 3
145 1827 399 1863 claritudinem
427 1827 551 1863 divum
574 1828 784 1875 Augustum
808 1828 967 1876 abavum
995 1829 1140 1864 serebat.
1196 1815 1283 1866 iussi
1311 1842 1414 1867 accu-

144 1896 283 1926 satores
316 1890 461 1926 obicere
495 1891 690 1938 prodigum
728 1891 990 1943 largitionibus,
1009 1904 1139 1940 ,neque
1169 1890 1277 1929 aliam
1310 1905 1414 1941 spem

144 1964 256 2001 quam
282 1953 318 1988 in
345 1954 453 1990 rebus
476 1953 580 1990 novis
603 1966 706 1991 esse:
746 1955 835 2002 quin
861 1967 946 1990 eum
975 1955 1069 1991 inter
1091 1955 1241 1992 libertos
1267 1956 1415 2002 habere,

143 2028 239 2064 quos
271 2017 318 2051 ab
350 2016 514 2064 epistulis
536 2023 570 2053 et
604 2017 732 2053 libellis
760 2025 796 2053 et
828 2018 1029 2067 rationibus
1063 2019 1233 2066 appellet,
1263 2022 1416 2057 nomina

104 2092 126 2119 4
144 2091 308 2115 summae
327 2091 434 2115 curae
462 2086 497 2116 et
524 2062 827 2119 meditamenta.
853 2087 929 2116 turn
958 2082 1108 2118 intimus
1131 2083 1284 2130 quisque
1308 2084 1415 2120 liber-

143 2148 263 2178 torum
297 2142 405 2178 vincti
442 2143 677 2190 abreptique.
723 2149 758 2178 et
795 2155 877 2179 cum
911 2143 1100 2181 damnatio
1137 2146 1298 2190 instaret,
1333 2147 1414 2184 bra-

104 2204 309 2245 5chiorum
350 2216 460 2241 venas
500 2205 715 2257 Torquatus
753 2206 962 2242 interscidit.
1017 2209 1414 2255 secutaque'Neronis

145 2268 261 2304 oratio
281 2280 324 2304 ex
345 2279 459 2312 more,
480 2269 647 2316 quamvis
668 2275 811 2305 sontem
832 2276 867 2305 et
886 2269 1090 2306 defensioni
1105 2272 1235 2308 merito
1256 2273 1414 2310 diffisum

145 2331 320 2382 victurum
340 2336 463 2367 tamen
484 2330 606 2377 fuisse,
628 2330 657 2368 si
673 2323 909 2368 ‘clementiam
928 2332 1056 2370 iudicis
1074 2343 1331 2383 exspectasset.

127 2394 187 2418 «ik-³
215 2398 287 2423 alx.

1436 889 1474 911 10

1435 1523 1474 1544 20

1435 1838 1472 1869 25

1434 2154 1474 2186 30
