1674 2653
543 160 773 191 CORNELJJ
801 160 965 191 πίση]
989 160 1254 190 ANNALJUM
1306 151 1440 204 [mne.
1459 161 1532 200 814.

258 262 521 310 praesidiisque
544 261 766 306 militarium,
789 262 890 309 quod
910 261 1134 297 uberrimum
1159 261 1328 309 spolianti
1347 267 1382 297 et
1407 261 1531 297 defen-

258 326 428 362 dentibus
451 325 620 369 intutum,
651 325 733 360 laeti
759 325 895 372 praeda
924 331 959 360 et
987 324 1155 360 laborum
1186 336 1318 371 segnes
1346 324 1532 371 petebant.

257 386 302 422 ad
329 386 560 433 septuaginta
583 385 683 420 milia
706 385 840 420 civium
867 391 903 421 et
931 385 1117 421 sociorum
1144 385 1187 420 iis
1210 397 1306 432 quae
1329 385 1532 420 memoravi
1549 391 1570 419 5

256 449 345 485 locis
373 449 548 485 cecidisse
575 449 747 485 constitit.
810 460 931 496 neque
958 449 1057 484 enim
1080 460 1209 496 capere
1236 454 1298 484 aut
1324 448 1532 484 venundare
1550 455 1572 483 6

222 523 239 554 5
259 512 398 548 aliudve
430 512 529 560 quod
560 511 643 548 belli
676 511 951 557 commercium,
982 511 1045 547 sed
1075 511 1207 548 caedes
1236 511 1398 559 patibula
1430 511 1533 559 ignes

257 587 395 620 cruces,
424 582 614 624 tamquam
640 575 813 611 reddituri
842 575 1063 623 supplicium
1092 587 1135 611 ac
1163 581 1359 623 praerepta
1387 574 1531 611 interim

257 639 407 683 ultione,
430 639 662 676 festinabant.

310 707 376 740 34.
406 703 485 739 Iam
520 702 696 739 Suetonio
733 709 864 750 quarta
897 702 1052 739 decuma
1085 702 1181 750 legio
1219 714 1304 739 cum
1342 702 1534 738 vexillariis

258 766 514 803 vicensimanis
554 773 589 803 et
629 779 649 802 e
680 766 858 814 proximis
889 766 1093 810 auxiliares,
1129 766 1257 803 decem
1292 766 1404 802 ferme
1435 765 1534 802 milia

205 843 241 866 10
258 838 481 866 armatorum
518 836 631 875 erant,
662 841 746 866 curn
780 829 943 866 omittere
981 829 1253 865 cunctationem
1287 835 1322 864 et
1359 829 1534 876 congredi

258 894 334 930 acie
363 900 477 941 parat.
534 893 730 941 deligitque
757 893 880 930 locum
907 893 992 928 artis
1019 892 1185 928 saucibus
1209 899 1244 928 et
1271 905 1292 928 a
1316 898 1419 940 tergo
1447 893 1535 929 silva
1552 900 1573 928 2

259 957 435 1002 clausum,
455 957 542 993 satis
563 957 712 1005 cognito
733 957 820 992 nibil
844 956 1006 992 hostium
1026 956 1094 992 nisi
1115 956 1151 991 in
1178 956 1294 992 fronte
1316 963 1350 992 ct
1371 962 1534 1004 apertam

259 1021 448 1068 planitiem
491 1032 582 1064 esse,
621 1021 698 1056 sine
742 1027 842 1056 metu
887 1020 1111 1056 insidiarum.
1167 1020 1272 1066 igitur
1315 1020 1534 1067 legionarius
1552 1027 1572 1055 3

259 1084 429 1132 frequens
457 1084 657 1128 ordinibus,
686 1083 774 1120 levis
803 1085 939 1120 circum
970 1090 1163 1128 armatura,
1193 1083 1438 1130 conglobatus
1467 1095 1535 1131 pro

206 1160 241 1191 15
260 1148 434 1184 cornibus
457 1159 570 1195 eques
596 1147 743 1184 adstitit.
799 1154 833 1183 at
864 1147 1122 1183 Britannorum
1149 1147 1278 1194 copiae
1307 1147 1443 1194 passim
1471 1159 1535 1194 per
1552 1153 1574 1181 4

259 1219 420 1248 catervas
448 1218 483 1248 et
510 1218 647 1247 turmas
675 1211 917 1255 exsultabant,
944 1218 1083 1258 quanta
1110 1222 1187 1246 non
1215 1210 1304 1246 alias
1330 1210 1533 1255 multitudo,

260 1282 294 1312 et
327 1276 452 1311 animo
484 1274 576 1311 adeo
607 1274 730 1317 feroci,
761 1281 799 1311 ut
833 1274 1007 1322 coniuges
1042 1285 1192 1322 quoque
1223 1280 1330 1310 testes
1364 1273 1535 1310 victoriae

261 1351 385 1376 secum
399 1338 580 1375 traherent
595 1338 838 1386 plaustrisque
854 1338 1084 1385 inponerent,
1099 1349 1193 1385 quae
1208 1349 1316 1385 super
1330 1343 1535 1374 extremum

261 1403 438 1439 ambitum
458 1402 578 1450 campi
599 1408 808 1450 posuerant.

207 1478 244 1498 20
314 1471 379 1503 35.
410 1466 599 1502 Boudicca
636 1477 743 1502 curru
778 1465 868 1502 filias
899 1477 985 1513 prae
1024 1477 1062 1501 se
1096 1464 1241 1508 vehens,
1274 1471 1312 1500 ut
1349 1476 1535 1513 quamque

262 1531 447 1566 nationem
483 1536 697 1573 accesserat,
729 1529 874 1565 solitum
907 1528 1056 1576 quidem
1095 1528 1280 1563 Britannis
1318 1527 1535 1564 seminarum

263 1595 375 1630 ductu
405 1593 536 1630 bellare
567 1593 775 1637 testabatur,
808 1593 872 1629 sed
903 1599 988 1628 tunc
1020 1604 1097 1628 non
1131 1599 1169 1627 ut
1197 1592 1305 1627 tantis
1337 1591 1536 1627 maioribus

263 1665 381 1694 ortam
409 1668 562 1704 regnum
590 1663 625 1692 et
652 1668 754 1704 opes,
782 1668 907 1692 verum
937 1663 974 1691 ut
1000 1666 1113 1691 unam
1142 1667 1161 1691 e
1192 1655 1302 1702 vulgo
1331 1655 1534 1691 libertatem

263 1721 446 1766 amissam,
468 1720 676 1757 confectum
695 1720 904 1755 verberibus
930 1731 1071 1766 corpus,
1092 1725 1356 1755 contrectatam
1382 1718 1535 1754 filiarum

209 1794 245 1825 25
265 1784 477 1833 pudicitiam
506 1783 640 1819 ulcisci.
696 1795 741 1819 eo
769 1790 959 1830 provectas
989 1782 1245 1818 Romanorum
1273 1781 1474 1829 cupidines,
1498 1788 1535 1817 ut
1554 1786 1574 1813 2

265 1860 340 1883 non
380 1859 545 1894 corpora,
588 1859 633 1882 ne
673 1853 859 1883 senectam
899 1845 1046 1893 quidem
1090 1852 1151 1881 aut
1192 1844 1436 1892 virginitatem
1483 1845 1536 1880 in-

266 1911 445 1958 pollutam
477 1909 695 1957 relinquant.
750 1910 878 1945 adesse
912 1916 1036 1944 tamen
1068 1908 1156 1944 deos
1191 1908 1304 1944 iustae
1336 1908 1534 1945 vindictae:
1554 1916 1574 1944 3

266 1974 440 2010 cecidisse
470 1973 654 2020 legionem
682 1985 777 2021 quae
810 1972 989 2021 proelium
1019 1983 1108 2008 ausa
1136 1971 1202 2016 sit;
1242 1978 1384 2008 ceteros
1412 1972 1537 2008 castris

268 2036 440 2074 occultari
459 2042 522 2072 aut
541 2036 665 2085 fugam
691 2036 981 2084 circumspicere.
1037 2047 1083 2071 ne
1110 2035 1302 2082 strepitum
1329 2035 1476 2082 quidem
1502 2042 1537 2071 et
1553 2042 1576 2069 4

211 2115 251 2146 30
269 2101 469 2136 clamorem
497 2107 549 2136 tot
577 2100 727 2144 milium,
751 2100 886 2135 nedum
910 2099 1067 2146 impetus
1092 2105 1126 2134 et
1154 2110 1284 2134 manus
1309 2098 1535 2146 perlaturos:

268 2165 296 2201 si
333 2164 458 2211 copias
495 2170 731 2208 armatorum,
765 2163 793 2199 si
830 2174 961 2199 causas
997 2161 1081 2197 belli
1113 2173 1240 2198 secum
1277 2161 1534 2209 expenderent,

269 2227 489 2263 vincendum
527 2227 586 2262 illa
623 2228 700 2262 acie
737 2226 791 2261 vel
829 2225 1037 2261 cadendum
1067 2236 1157 2261 esse.
1212 2224 1248 2261 id
1279 2224 1418 2261 mulieri
1455 2225 1575 2262 des-5

269 2292 445 2326 tinatum:
475 2289 634 2326 viverent
654 2290 716 2324 viri
737 2296 771 2325 et
790 2289 972 2324 servirent.
