1674 2653
540 181 771 213 CORNELII
800 181 964 212 TACITJ
990 180 1258 211 ANNALJUM
1309 172 1443 226 [A.U.c.
1465 181 1537 212 816.

263 284 393 319 eadem
407 289 597 318 oraturum
612 281 817 326 Tiridaten,
831 281 860 318 si
871 293 1000 329 preces
1014 282 1090 329 ipse
1103 281 1289 317 attulisset.
1335 281 1536 328 Suriaeque
1554 289 1575 317 5

262 347 450 383 exsecutio
471 345 512 382 C.
543 346 676 389 Cestio,
697 345 828 392 copiae
852 345 1025 381 militares
1047 344 1248 381 Corbuloni
1269 344 1481 392 permissae,
1502 350 1537 380 et

263 410 391 457 quinta
411 409 567 445 decuma
586 409 681 455 legio
702 408 858 445 ducente
879 407 1002 444 Mario
1024 407 1134 444 Celso
1151 420 1170 443 e
1188 408 1379 444 Pannonia
1395 407 1536 443 adiecta

263 479 326 508 est.
382 472 550 509 scribitur
578 471 765 509 tetrarchis
793 483 836 508 ac
866 472 1014 519 regibus
1044 471 1309 519 praefectisque
1342 476 1377 507 et
1405 482 1536 518 procu·
1555 477 1577 505 6

228 536 444 575 5rat0ribus
480 542 515 571 et
551 536 612 583 qui
650 541 861 582 praetorum
901 534 1072 570 finitimas
1108 534 1314 581 provincias
1351 534 1536 580 regebant,

264 599 372 635 iussis
403 598 624 635 Corbulonis
655 598 822 646 obsequi,
852 598 889 633 in
921 603 1062 633 tantum
1099 597 1212 632 ferme
1245 596 1401 632 modum
1434 602 1536 632 aucta

262 669 455 710 potestate,
492 674 603 710 quern
642 662 800 709 populus
840 660 1033 697 Romanus
1076 660 1144 697 Cn.
1185 660 1364 707 Pompeio
1402 659 1536 695 bellum

262 726 453 774 piraticum
474 733 622 772 gesturo
643 725 802 761 dederat.
858 735 1063 771 regressum
1085 722 1249 767 Paetum,
1269 734 1354 759 cum
1374 723 1537 769 graviora
1555 726 1575 756 7

263 795 450 833 metueret,
483 788 622 825 facetiis
656 788 823 824 insectari
861 788 947 823 satis
980 787 1105 822 habuit
1143 785 1291 831 Caesar,
1332 786 1387 821 his
1425 785 1538 821 ferme

209 861 245 883 10
263 853 402 888 verbis:
440 852 632 899 ignoscere
660 863 697 887 se
727 851 858 894 statim,
890 863 935 886 ne
969 857 1044 887 tam
1077 856 1270 897 promptus
1298 850 1335 884 in
1364 860 1536 896 pavorem

263 914 431 963 longiore
452 914 694 951 sollicitudine
715 920 950 961 aegresceret.

315 983 379 1015 26.
410 978 459 1014 At
472 977 638 1014 Corbulo
652 983 782 1025 quarta
795 983 829 1013 et
844 976 1077 1012 duodecuma
1089 975 1406 1023 legionibus‚quae
1421 975 1536 1012 sortis-

263 1042 356 1078 simo
376 1053 524 1089 quoque
545 1041 682 1077 amisso
701 1046 736 1076 et
751 1040 880 1077 ceteris
896 1040 1074 1076 exterritis
1091 1051 1221 1087 parum
1237 1039 1377 1075 habiles
1397 1039 1537 1087 proelio

262 1105 489 1149 videbantur,
527 1105 564 1140 in
604 1103 749 1140 Suriam
787 1103 980 1147 translatis,
1019 1110 1162 1139 sextam
1200 1103 1284 1138 inde
1321 1115 1364 1138 ac
1394 1103 1536 1138 tertiam

208 1178 243 1210 ¹5
263 1168 439 1216 legiones,
460 1168 644 1215 integrum
673 1167 827 1202 militem
852 1174 886 1203 et
910 1166 1044 1203 crebris
1071 1178 1113 1202 ae
1145 1167 1330 1214 prosperis
1351 1166 1536 1202 laboribus

261 1232 472 1275 exercitum,
490 1231 527 1266 in
544 1231 759 1267 Armeniam
774 1229 883 1266 ducit.
931 1230 1144 1278 addiditque
1159 1229 1343 1277 legionem
1356 1229 1533 1276 quintam,
1553 1237 1574 1265 2

262 1307 357 1343 quae
381 1307 445 1343 per
474 1294 634 1331 Pontum
663 1305 779 1341 agens
806 1305 937 1341 expers
963 1293 1076 1329 cladis
1100 1292 1227 1336 fuerat,
1257 1293 1364 1328 simul
1394 1293 1536 1340 quinta-

262 1359 489 1394 decumanos
510 1369 636 1394 recens
663 1357 843 1394 adductos
863 1363 898 1393 et
918 1357 1048 1392 vexilla
1073 1356 1298 1392 delectorum
1324 1368 1369 1391 ex
1393 1356 1536 1403 Illyrico

261 1428 296 1458 et
315 1422 496 1469 Aegypto,
518 1421 692 1469 quodque
719 1420 860 1455 alarum
884 1420 1180 1467 cohortiumque,
1201 1426 1237 1455 et
1256 1419 1390 1455 auxilia
1408 1430 1535 1466 regum

206 1498 245 1520 20
263 1485 299 1521 in
314 1497 429 1520 unum
450 1485 633 1520 conducta
653 1483 751 1531 apud
772 1483 984 1526 Melitenen,
1006 1494 1080 1531 qua
1100 1483 1298 1518 tramittere
1315 1482 1533 1530 Euphraten

262 1549 422 1596 parabat.
476 1553 555 1584 tum
583 1548 770 1583 lustratum
800 1547 864 1582 rite
891 1547 1091 1582 exercitum
1118 1545 1164 1582 ad
1192 1546 1404 1582 contionem
1430 1551 1573 1581 vocat3

261 1612 470 1659 orditurque
492 1611 690 1658 magnifica
719 1610 764 1646 de
790 1610 960 1657 auspiciis
984 1609 1214 1656 imperatoris
1238 1609 1422 1656 rebusque
1448 1620 1469 1644 a
1496 1619 1535 1644 se

260 1675 382 1721 gestis,
402 1674 555 1710 adversa
574 1674 610 1709 in
631 1674 812 1709 inscitiam
832 1672 932 1709 Paeti
952 1672 1152 1717 declinans,
1174 1672 1287 1708 multa
1309 1672 1534 1715 auctoritate,

260 1750 353 1785 quae
374 1738 449 1774 viro
468 1737 613 1773 militari
634 1749 702 1784 pro
723 1736 894 1772 facundia
914 1743 1001 1772 erat.

204 1806 240 1837 25
311 1804 375 1838 27.
405 1800 498 1836 Mox
531 1801 597 1836 iter
634 1800 676 1835 L.
706 1799 862 1835 Lucullo
894 1799 1083 1847 quondam
1117 1805 1360 1847 penetratum,
1400 1798 1535 1846 apertis

258 1876 353 1912 quae
391 1869 549 1899 vetustas
587 1864 836 1910 obsaepserat,
874 1863 1004 1910 pergit.
1060 1868 1095 1898 et
1132 1863 1320 1898 venientes
1359 1862 1535 1897 Tiridatis

259 1926 529 1973 Vologesisque
559 1926 603 1962 de
632 1938 724 1974 pace
750 1926 889 1973 legatos
916 1925 1014 1961 haud
1040 1931 1267 1973 aspernatus,
1297 1925 1465 1972 adiungit
1493 1925 1535 1960 iis

258 1990 492 2025 centuriones
517 2001 602 2025 cum
629 1989 813 2025 mandatis
840 1999 916 2024 non
945 1989 1159 2034 inmitibus;
1188 2001 1257 2025 nec
1285 1989 1384 2024 enim
1414 1987 1535 2023 adhuc

258 2064 303 2088 eo
323 2059 484 2096 ventum,
501 2059 539 2088 ut
555 2053 755 2088 certamine
771 2059 936 2088 extremo
952 2063 1045 2099 opus
1060 2058 1167 2088 esset.
1223 2051 1336 2086 multa
1352 2050 1534 2087 Romanis
1551 2056 1573 2086 2

202 2127 241 2157 30
259 2115 429 2159 secunda,
473 2115 653 2163 quaedam
696 2115 838 2151 Parthis
879 2115 1052 2158 evenisse,
1095 2115 1320 2150 documento
1363 2113 1534 2149 adversus

258 2178 481 2226 superbiam.
537 2177 692 2226 proinde
725 2184 760 2213 et
791 2177 943 2213 Tiridati
973 2177 1180 2214 conducere
1209 2178 1387 2213 intactum
1416 2183 1533 2212 vasta-

258 2241 417 2277 tionibus
438 2253 592 2288 regnum
613 2241 713 2277 dono
729 2241 906 2288 accipere,
924 2247 959 2276 et
974 2240 1189 2287 Vologesen
1209 2240 1338 2276 melius
1358 2239 1534 2275 societate

260 2303 432 2340 Romana
450 2316 561 2352 quarn
581 2304 725 2339 damnis
744 2304 881 2339 mutuis
900 2303 1000 2351 genti
1020 2302 1239 2339 Parthorum
1265 2302 1531 2339 consulturum.
