1674 2653
561 203 791 234 CORNELII
821 204 877 234 TA
886 203 986 233 CJTJ
1010 203 1279 233 ANNALIUM
1329 194 1459 248 [Aue.
1482 204 1554 235 818.

281 318 434 353 arguere
456 305 677 349 coniuratos,
700 318 742 342 ac
752 313 987 353 ,postremum
1007 305 1231 342 lentitudinis
1250 318 1377 343 eorum
1394 314 1558 354 pertaesa

281 376 316 405 et
344 370 380 404 in
410 369 616 417 Campania
646 381 760 416 agens
788 370 967 416 primores
993 370 1261 405 classiariorum
1289 369 1557 406 Misenensium

281 432 481 469 labefacere
506 439 540 468 et
570 433 794 469 conscientia
820 432 971 480 inligare
997 433 1124 469 conisa
1148 439 1202 469 est
1227 433 1288 468 tali
1314 433 1427 469 initio.
1482 439 1556 469 erat
1575 442 1595 469 2

282 496 486 532 navarchus
509 496 547 531 in
572 508 616 532 ea
638 496 752 532 classe
776 495 951 532 Volusius
973 496 1160 539 Proculus,
1182 496 1406 533 occidendae
1428 497 1556 533 matris

247 569 263 598 5
284 559 422 595 Neroni
459 560 550 596 inter
586 560 782 605 ministros,
817 572 894 596 non
926 572 972 595 ex
1005 559 1260 606 magnitudine
1290 560 1436 596 sceleris
1473 572 1556 608 pro-

282 629 415 668 vectus,
440 630 478 659 ut
501 624 658 660 rebatur.
713 624 742 659 is
765 623 907 659 mulieri
931 623 1017 659 olim
1042 623 1221 670 cognituS‚
1243 634 1307 658 seu
1331 635 1457 659 recens
1480 630 1558 660 orta
1575 632 1596 660 3

282 686 452 730 amicitia,
477 687 565 722 dum
590 687 719 723 merita
741 699 829 734 erga
853 685 1043 722 Neronem
1068 698 1133 721 sua
1156 693 1190 721 et
1214 698 1325 733 quam
1349 686 1386 722 in
1409 687 1557 723 inritum

282 749 500 785 cecidissent
521 750 635 796 aperit
652 750 836 797 adicitque
852 757 1003 797 questus
1020 756 1054 785 et
1070 749 1352 785 destinationem
1367 750 1558 793 vindictae,

283 813 313 849 si
355 812 505 848 facultas
547 820 721 857 oreretur,
764 824 867 860 spem
910 813 1009 848 dedit
1051 825 1159 860 posse
1201 813 1322 860 inpelli
1362 820 1397 850 et
1437 814 1558 862 plures

230 893 264 913 10
284 875 499 912 conciliare:
533 887 600 912 nec
629 876 706 912 leve
735 876 911 911 auxilium
940 877 975 910 in
1004 876 1130 917 classe,
1160 877 1304 912 crebras
1333 878 1557 920 occasiones,

283 940 368 987 quia
407 938 508 974 Nero
549 939 665 974 multo
704 939 803 986 apud
841 939 1016 975 Puteolos
1053 946 1087 975 et
1124 939 1312 975 Misenum
1348 940 1459 976 maris
1491 952 1560 976 usu

282 1003 497 1038 laetabatur.
554 1014 641 1049 ergo
668 1001 861 1049 Epicharis
888 1003 991 1050 plura
1017 1009 1050 1038 et
1074 1003 1198 1038 onmia
1225 1003 1361 1039 scelera
1384 1004 1560 1051 principis
1577 1011 1600 1038 4

283 1066 443 1110 orditur;
473 1077 593 1114 neque
618 1066 758 1101 senatui
784 1078 889 1113 neque
907 1067 1035 1113 populo
1059 1066 1260 1113 quidquam
1280 1078 1440 1103 manere.
1495 1066 1559 1103 sed
1578 1077 1598 1105 5

283 1130 468 1177 provisum
495 1140 658 1176 quonam
685 1129 799 1165 modo
825 1141 966 1176 poenas
992 1141 1141 1165 eversae
1168 1130 1218 1165 rei
1245 1130 1411 1177 publicae
1438 1130 1560 1166 daret:

230 1210 264 1240 15
285 1194 537 1239 accingeretur
577 1192 691 1228 niodo
732 1204 864 1228 navare
907 1204 1057 1240 operam
1096 1199 1130 1228 et
1167 1193 1323 1228 militum
1363 1194 1560 1230 acerrimos

284 1257 417 1292 ducere
437 1256 474 1291 in
496 1263 625 1303 partes,
647 1268 689 1291 ac
711 1255 821 1303 digna
847 1257 962 1303 pretia
985 1263 1235 1302 exspectaret3
1266 1258 1417 1293 nomina
1436 1263 1560 1292 tamen

285 1320 557 1356 coniuratorum
590 1320 741 1355 reticuit.
796 1319 893 1355 unde
930 1319 1073 1355 Proculi
1103 1320 1277 1355 indicium
1306 1320 1455 1356 inritum
1484 1320 1559 1363 suit,
1579 1330 1601 1358 6

284 1383 450 1432 quamvis
483 1395 526 1419 ea
563 1395 657 1431 quae
692 1382 855 1419 audierat
892 1382 938 1418 ad
972 1382 1162 1419 Neronem
1195 1383 1391 1420 detulisset.
1447 1385 1599 1424 accita7

231 1449 237 1454 '
285 1448 422 1494 quippe
462 1446 656 1494 Epicharis
691 1453 726 1481 et
761 1458 845 1482 cum
879 1446 999 1481 indice
1032 1447 1237 1493 composita
1273 1446 1378 1482 nullis
1411 1448 1562 1483 testibus

230 1526 268 1546 20
285 1511 446 1546 innisum
475 1510 580 1545 facile
612 1510 822 1545 confutavit.
878 1509 941 1544 sed
969 1509 1049 1556 ipsa
1076 1510 1112 1544 in
1139 1510 1307 1545 custodia
1332 1516 1471 1546 retenta
1495 1518 1559 1555 est,
1580 1521 1602 1547 8

285 1580 520 1621 suspectante
554 1572 704 1608 Nerone
737 1572 835 1608 haud
867 1572 958 1608 falsa
989 1583 1069 1608 esse
1101 1573 1209 1608 etiam
1243 1585 1338 1620 quae
1370 1584 1454 1609 vera
1486 1585 1562 1609 non

285 1638 547 1685 probabantur.

339 1704 404 1736 52.
436 1699 646 1736 Coniuratis
672 1706 798 1735 tamen
824 1705 923 1734 metu
948 1698 1164 1746 proditionis
1189 1699 1364 1746 permotis
1388 1699 1561 1747 placitum

286 1770 467 1799 maturare
492 1763 644 1799 caedem
668 1763 766 1810 apud
790 1762 898 1798 Baias
923 1762 958 1796 in
982 1762 1062 1797 villa
1088 1761 1244 1806 Pisonis,
1269 1763 1373 1798 cuius
1400 1764 1562 1799 amoeni-

232 1842 267 1871 25
287 1835 359 1862 tate
393 1835 520 1874 captus
555 1826 691 1862 Caesar
721 1827 848 1862 crebro
881 1825 1080 1860 ventitabat
1113 1825 1334 1873 balneasque
1368 1833 1403 1861 et
1436 1826 1562 1873 epulas

286 1891 401 1926 inibat
433 1891 577 1926 omissis
610 1890 774 1926 excubiis
803 1895 837 1925 et
866 1889 1031 1925 fortunae
1060 1900 1146 1924 suae
1175 1889 1282 1924 mole.
1340 1889 1404 1925 sed
1436 1890 1600 1926 abnuit2

288 1953 384 1997 Piso,
409 1954 583 1989 invidiam
609 1953 862 2001 praetendens,
883 1952 911 1987 si
935 1963 1038 1987 sacra
1061 1963 1212 1987 mensae
1236 1952 1344 1999 dique
1368 1952 1564 1999 hospitales

287 2017 400 2053 caede
438 2016 717 2064 qualiscumque
755 2015 927 2063 principis
966 2021 1260 2050 cruentarentur:
1299 2015 1429 2050 melius
1465 2015 1563 2061 apud

286 2081 416 2115 urbem
443 2080 479 2114 in
507 2079 569 2115 illa
594 2080 709 2114 invisa
735 2086 768 2113 et
793 2077 918 2125 spoliis
941 2062 1075 2112 civium
1099 2083 1284 2112 exstructa
1308 2077 1421 2113 domo
1446 2077 1501 2113 vel
1527 2078 1563 2112 in

231 2156 270 2186 30
288 2143 436 2190 p'ublico
456 2148 663 2189 patraturos
683 2140 784 2188 quod
805 2152 870 2187 pro
890 2151 926 2174 re
946 2139 1094 2186 publica
1114 2140 1370 2186 suscepissent.
1416 2139 1507 2176 haec
1527 2140 1563 2175 in
1581 2148 1602 2174 3

288 2217 497 2248 commune,
533 2210 695 2239 ceterum
737 2204 868 2238 timore
888 2188 1063 2244 ¹occultO,
1097 2212 1143 2235 ne
1178 2199 1219 2236 L.
1254 2200 1399 2237 Silanus
1430 2203 1565 2238 eximia

288 2268 473 2303 nobilitate
501 2266 767 2312 disciplinaque
793 2264 835 2299 C.
864 2263 992 2306 Cassii,
1016 2263 1114 2309 apud
1142 2274 1251 2310 quem
1277 2263 1452 2299 educatus
1478 2271 1564 2308 erat,

288 2330 335 2366 ad
355 2339 507 2365 omnem
522 2327 776 2364 claritudinem
792 2326 957 2362 sublatus
973 2325 1168 2372 imperium
1184 2325 1378 2368 invaderet,
1395 2333 1564 2374 prompte
