1674 2653
126 167 202 193 ω).
225 151 296 205 61.]
471 158 616 189 LIBER
645 157 743 187 XIV.
802 157 898 187 CAP.
929 153 1067 198 33-38·

178 265 243 298 36.
276 259 335 296 Ne
373 258 569 296 Suetonius
607 258 758 306 quidem
795 257 832 293 in
870 262 972 294 tanto
1011 257 1221 294 discrimine
1265 256 1403 293 silebat.

126 335 355 374 quamquam
381 322 581 360 confideret
603 321 734 365 virtuti,
762 327 886 357 tamen
913 320 1186 357 exhortationes
1214 326 1249 357 et
1277 332 1403 368 preces

126 389 313 433 miscebat,
335 393 373 423 ut
393 395 604 435 spernerent
624 396 777 421 sonores
798 385 1039 421 barbarorum
1059 392 1094 421 et
1112 384 1240 420 inanes
1261 384 1401 419 minas:

87 462 108 490 2
126 452 208 500 plus
227 451 298 487 illic
314 450 535 487 feminarum
552 461 663 497 quam
683 448 879 484 iuventutis
899 448 1024 496 aspici.
1078 447 1231 484 inbelles
1247 448 1404 483 inermes

127 527 296 553 cessuros
328 513 459 558 statim,
488 513 550 549 ubi
580 512 715 548 serrum
746 511 987 560 virtutemque
1017 512 1240 549 vincentium
1271 512 1403 548 totiens
1421 524 1438 555 5

86 590 106 617 3
125 578 194 614 fusi
227 577 498 625 adgnovissent.
552 576 663 613 etiam
692 576 730 611 in
763 575 886 611 multis
920 576 1127 623 legionibus
1160 587 1310 624 paucos,
1341 575 1403 623 qui

125 641 264 689 proelia
301 641 564 689 profligarent;
611 640 822 687 gloriaeque
859 651 988 675 eorum
1031 651 1264 676 accessurum
1303 638 1403 686 quod

125 705 272 742 modica
317 716 451 741 manus
496 703 654 740 universi
695 703 878 739 exercitus
925 702 1062 739 samam
1105 703 1401 751 adipiscerentur.

84 779 107 806 4
125 768 279 805 conferti
308 775 450 804 tanturn
478 773 514 804 et
545 767 628 815 pilis
657 766 812 811 emissis,
841 773 926 815 post
955 767 1180 803 umbonibus
1208 773 1242 802 et
1274 766 1404 814 gladiis

125 841 283 879 stragem
306 832 533 879 caedemque
555 831 822 873 continuarent,
843 830 1002 878 praedae
1023 830 1270 866 inmemores:
1301 836 1403 877 parta
1425 842 1462 864 10

85 904 106 933 5
125 896 275 932 victoria
305 902 436 932 cuncta
465 895 552 943 ipsis
586 906 742 930 cessura.
795 894 825 930 is
857 893 968 929 ardor
997 894 1107 929 verba
1138 893 1240 930 ducis
1273 905 1402 941 seque-

125 960 240 1003 batur,
268 960 316 996 ita
345 971 383 996 se
410 959 457 995 ad
486 957 730 1006 intorquenda
758 957 832 1005 pila
861 957 1075 1005 expedierat
1104 964 1206 993 vetus
1235 957 1340 993 miles
1367 964 1402 994 et

124 1022 238 1058 multa
267 1022 492 1070 proeliorum
529 1020 764 1069 experientia,
796 1027 834 1056 ut
867 1028 986 1057 certus
1020 1028 1172 1057 eventus
1206 1020 1402 1057 Suetonius

125 1086 227 1121 daret
248 1097 395 1133 pugnae
416 1086 573 1133 signum.

177 1152 240 1186 37.
269 1150 325 1185 Ac
364 1150 525 1196 primum
564 1148 659 1196 legio
696 1148 812 1196 gradu
854 1148 995 1185 inmota
1031 1155 1067 1184 et
1104 1148 1293 1196 angustias
1331 1149 1400 1186 loci
1422 1160 1458 1191 15

124 1224 192 1260 pro
227 1212 457 1248 munimento
490 1212 662 1256 retinens,
697 1219 894 1259 postquam
929 1213 967 1248 z'n
1000 1212 1151 1260 propius
1184 1224 1402 1261 suggressos

85 1283 106 1310 2
125 1275 240 1312 hostis
260 1282 359 1312 certo
385 1276 481 1312 iactu
502 1275 575 1311 tela
594 1275 826 1320 exhauserat,
852 1275 948 1311 velut
973 1287 1093 1312 cuneo
1117 1276 1246 1324 erupit.
1303 1277 1401 1312 idem

124 1339 353 1375 auxiliarium
370 1339 549 1386 impetus;
579 1345 613 1375 et
633 1350 745 1387 eques
765 1339 942 1386 protentis
962 1339 1072 1376 hastis
1092 1339 1281 1387 perfringit
1301 1340 1403 1388 quod

85 1403 273 1438 3obvium
310 1410 345 1439 et
388 1402 548 1438 validum
585 1409 672 1438 erat.
727 1402 837 1438 ceteri
881 1409 980 1450 terga
1019 1404 1230 1450 praebuere,
1270 1403 1403 1440 difficili

83 1465 272 1513 4effugio,
312 1466 399 1514 quia
445 1466 678 1502 circumiecta
721 1465 888 1502 vehicula
925 1474 1137 1514 saepserant
1175 1467 1303 1503 abitus.
1367 1475 1402 1504 et
1422 1481 1460 1503 ιο

124 1529 228 1566 miles
265 1541 311 1565 ne
354 1529 548 1566 mulierum
592 1529 741 1577 quidem
785 1529 866 1565 neci
911 1531 1150 1577 temperabat,
1184 1531 1402 1580 confixaque

84 1599 105 1626 5
125 1592 202 1628 telis
230 1593 339 1629 etiam
365 1592 528 1628 iumenta
557 1604 752 1640 corporum
779 1593 966 1629 cumulum
995 1600 1185 1630 auxerant.
1240 1595 1339 1632 clara
1368 1603 1403 1632 et

123 1656 282 1703 antiquis
312 1656 469 1692 victoriis
502 1667 567 1703 par
600 1668 644 1691 ea
677 1656 735 1691 die
767 1656 846 1692 laus
876 1663 1002 1704 parta:
1044 1658 1180 1705 quippe
1218 1667 1302 1694 sunt
1339 1660 1403 1708 qui

124 1720 235 1766 paulo
265 1720 387 1754 minus
419 1730 531 1767 quam
569 1720 757 1767 octoginta
794 1720 893 1756 milia
926 1719 1189 1757 Britannorum
1227 1723 1402 1760 cecidisse

124 1782 277 1826 tradant,
308 1782 465 1818 militum
500 1780 776 1830 quadringentis
809 1783 922 1819 ferme
957 1784 1154 1821 intersectis
1183 1798 1251 1822 nec
1285 1788 1402 1825 multo
1421 1801 1458 1832 25

83 1855 105 1883 6
124 1846 280 1894 amplius
326 1846 531 1882 vulneratis.
592 1845 782 1883 Boudicca
828 1847 937 1884 vitam
984 1859 1128 1885 veneno
1177 1849 1301 1886 finivit.
1366 1858 1403 1888 et

125 1909 284 1946 Poenius
317 1908 516 1946 Postumus
551 1909 756 1957 praefectus
785 1917 987 1947 castrorum
1018 1913 1201 1950 secundae
1235 1914 1400 1962 legionis,

125 1973 279 2020 cognitis
317 1973 739 2021 quartadecumanorum
773 1974 1182 2024 vicensimanorumque
1214 1979 1401 2027 prosperis

125 2037 242 2080 rebus,
259 2037 342 2084 quia
358 2036 436 2084 pari
453 2036 569 2084 gloria
583 2037 768 2085 legionem
784 2049 888 2074 suam
904 2039 1132 2076 fraudaverat
1150 2041 1402 2091 abnueratque

125 2106 251 2136 contra
270 2100 376 2135 ritum
396 2100 543 2136 militiae
565 2101 661 2136 iussa
681 2101 796 2147 ducis,
819 2113 858 2137 se
877 2102 913 2150 ip
934 2114 954 2138 e
972 2103 1097 2150 gladio
1117 2107 1302 2152 transegit.
1419 2118 1459 2148 30

176 2167 243 2199 38.
273 2163 493 2199 Contractus
510 2163 641 2199 deinde
662 2164 783 2200 omnis
799 2166 979 2202 exercitus
997 2168 1066 2202 sub
1085 2168 1239 2214 pellibus
1256 2169 1401 2206 habitus

125 2234 178 2262 est
210 2226 256 2261 ad
288 2226 425 2274 reliqua
458 2226 542 2263 belli
574 2227 828 2274 perpetranda.
886 2230 1061 2277 auxitque
1099 2231 1226 2278 copias
1265 2232 1402 2269 Caesar

125 2290 245 2326 missis
281 2301 326 2325 ex
365 2289 567 2326 Germania
611 2290 756 2326 duobus
795 2291 1080 2338 legionariorum
1120 2294 1278 2339 milibus,
1315 2304 1401 2334 octo
