1674 2653
517 174 745 204 CORNELII
774 175 936 205 TACJTI
961 176 1226 206 AA'NALIUM
1276 168 1405 220 [AM-C.
1425 177 1498 214 813.

227 271 389 309 honestis
412 280 447 309 et
471 274 718 322 voluptatibus
742 276 925 311 concessis
953 276 1147 323 impertire.
1202 275 1357 311 laetitiae
1380 275 1500 322 magis
1518 284 1540 312 6

227 347 340 382 quam
364 336 530 373 lasciviae
556 337 633 373 dari
657 350 794 385 paucas
818 339 926 374 totius
946 340 1187 387 quinquennii
1207 345 1345 382 noctes,
1367 339 1499 386 quibus

227 405 328 434 tanta
348 399 427 436 luce
447 400 585 447 ignium
611 401 700 437 nihil
719 402 894 438 inlicitum
922 403 1095 438 occultari
1116 409 1236 449 queat.
1291 414 1379 438 sane
1400 401 1499 437 nullo
1517 410 1537 440 ’1

227 462 359 509 insigni
406 463 734 501 dehonestamento
780 466 816 501 id
865 466 1113 513 spectaculum
1160 465 1312 501 transiit.
1368 477 1409 501 ac
1453 477 1499 500 ne

192 539 209 569 5
227 525 376 561 modica
408 527 557 574 quidem
590 527 709 563 studia
739 528 855 575 plebis
884 540 1062 572 exarsere,
1097 528 1182 576 quia
1213 527 1341 564 redditi
1369 539 1499 575 quam-

228 599 340 635 quam
363 600 517 625 scaenae
537 591 754 637 pantomimi
782 591 1042 627 certaminibus
1069 591 1179 626 sacris
1204 590 1500 638 prohibebantur.

227 650 459 698 eloquentiae
484 653 620 699 primas
647 665 758 690 nemo
781 653 870 697 tulit,
897 653 960 689 sed
989 654 1168 689 victorem
1195 665 1274 688 esse
1301 652 1500 689 Caesarem
1519 660 1541 687 8

229 714 512 760 pronuntiatum.
568 714 702 751 Graeci
732 717 896 760 amictus,
926 716 1008 763 quis
1038 728 1102 763 per
1132 727 1196 752 eos
1230 716 1306 752 dies
1340 715 1500 763 plerique

228 776 461 820 incesserant,
482 784 560 813 tum
581 779 830 815 exoleverunt.

175 855 211 877 ιο
280 844 345 876 22.
376 840 476 876 Inter
505 852 599 888 quae
629 848 664 878 et
701 842 801 878 sidus
838 849 1001 879 cometes
1033 842 1177 887 effulsit,
1210 842 1256 878 de
1293 853 1368 889 quo
1405 840 1502 888 vulgi

227 903 353 949 opinio
389 910 453 947 est,
491 910 681 951 tamquam
718 906 960 941 mutationem
998 906 1094 951 regis
1131 904 1337 952 portendat.
1393 904 1504 951 igitur

230 966 332 1012 quasi
352 965 425 1001 iam
446 966 600 1013 depulso
628 966 789 1012 Nerone,
810 968 980 1015 quisnam
1007 968 1223 1015 deligeretur
1248 967 1501 1015 anquirebant.

230 1036 264 1065 et
284 1030 450 1065 omnium
470 1041 532 1065 ore
554 1029 744 1066 Rubellius
764 1029 915 1066 Plautus
935 1030 1149 1075 celebratur,
1171 1031 1227 1066 cui
1250 1030 1418 1066 nobilitas
1437 1040 1502 1076 per
1519 1037 1539 1065 2

228 1099 383 1128 matrem
419 1104 463 1128 ex
502 1092 594 1129 lulia
631 1092 779 1129 familia.
834 1094 912 1140 ipse
950 1093 1084 1140 placita
1120 1094 1305 1129 maiorum
1343 1092 1540 1135 colebat,3

175 1171 209 1202 ¹5
229 1154 354 1191 habitu
396 1167 532 1200 severo,
575 1163 675 1192 casta
716 1163 751 1191 et
797 1163 937 1191 secreta
976 1155 1100 1201 domo,
1143 1163 1357 1204 quantoque
1403 1162 1502 1190 metu

229 1218 415 1262 occultior,
447 1225 549 1254 tanto
586 1219 668 1266 plus
702 1218 821 1254 famae
854 1219 1018 1266 adeptus.
1074 1219 1174 1254 auxit
1206 1230 1392 1255 rumorem
1425 1218 1541 1265 pari4

229 1281 384 1317 vanitate
414 1288 492 1318 orta
520 1281 768 1329 interpretatio
797 1281 959 1328 fulguris.
1015 1293 1099 1317 nam
1130 1282 1216 1329 quia
1239 1281 1502 1317 discumbentis

229 1343 390 1379 Neronis
423 1344 521 1391 apud
556 1344 764 1380 Simbruina
798 1351 926 1391 stagna
958 1345 995 1379 z'n
1028 1345 1126 1387 villa,
1161 1344 1219 1380 cui
1252 1343 1501 1391 Sublaqueum

229 1418 365 1442 nomen
391 1414 454 1450 est,
476 1408 569 1443 ictae
594 1407 708 1454 dapes
733 1419 934 1454 mensaque
957 1407 1106 1442 disiecta
1131 1414 1217 1451 erat,
1239 1407 1347 1454 idque
1367 1407 1501 1442 finibus

173 1484 212 1505 20
229 1469 426 1505 Tiburtum
451 1470 643 1514 acciderat,
667 1470 765 1506 unde
794 1476 947 1517 paterna
976 1470 1105 1505 Plauto
1134 1471 1248 1517 origo,
1274 1470 1371 1505 hunc
1401 1469 1502 1504 illum

230 1533 379 1568 numine
406 1533 514 1568 deum
540 1533 711 1568 destinari
736 1532 942 1576 credebant,
964 1532 1209 1580 fovebantque
1231 1532 1345 1576 multi,
1366 1533 1500 1580 quibus

228 1607 324 1632 nova
367 1602 403 1632 et
448 1596 620 1643 ancipitia
654 1596 864 1643 praecolere
908 1596 1014 1631 avida
1059 1603 1093 1631 et
1134 1596 1351 1643 plerumque
1391 1594 1500 1630 fallax

227 1659 379 1695 ambitio
399 1665 463 1695 est.
519 1670 607 1706 ergo
631 1665 819 1706 permotus
845 1658 901 1694 his
921 1657 1022 1694 Nero
1043 1659 1235 1706 componit
1261 1658 1308 1693 ad
1328 1657 1497 1693 Plautum
1516 1670 1537 1698 5

228 1722 371 1766 litteras,
402 1721 607 1758 consuleret
640 1721 751 1769 quieti
789 1722 889 1757 urbis
927 1733 1039 1769 seque
1077 1733 1188 1769 prava
1225 1721 1499 1756 diffamantibus

174 1799 209 1829 ²5
230 1786 477 1821 subtraheret:
507 1796 586 1821 esse
611 1784 663 1820 illi
686 1796 752 1831 per
770 1785 899 1821 Asiam
925 1786 1038 1820 avitos
1065 1796 1186 1832 agros,
1208 1785 1243 1819 in
1270 1784 1402 1832 quibus
1426 1791 1503 1820 tuta

229 1856 263 1884 et
282 1848 466 1884 inturbida
485 1848 633 1883 iuventa
652 1847 840 1884 frueretur.
894 1848 943 1883 ita
957 1848 1040 1884 illuc
1061 1859 1145 1883 cum
1167 1848 1324 1894 coniuge
1344 1846 1503 1882 Antistia

229 1917 264 1947 et
283 1911 409 1958 paucis
429 1910 659 1946 familiarium
681 1911 875 1946 concessit.

281 1974 403 2009 Isdem
432 1973 560 2009 diebus
586 1974 698 2009 nimia
723 1973 831 2009 luxus
855 1973 990 2020 cupido
1018 1973 1207 2009 infamiam
1235 1979 1270 2008 et
1297 1972 1499 2020 periculum
1518 1984 1541 2012 6

229 2036 368 2072 Neroni
389 2036 477 2080 tulit,
498 2036 584 2084 quia
604 2036 741 2071 sontem
769 2048 886 2083 aquae
914 2035 1079 2071 Marciae
1105 2035 1150 2071 ad
1171 2036 1298 2071 urbem
1324 2034 1501 2070 deductae

173 2111 212 2140 30
230 2099 353 2134 nando
376 2099 596 2143 incesse1·at;
626 2099 888 2146 videbaturque
909 2105 1018 2146 potus
1039 2109 1162 2134 sacros
1181 2104 1216 2134 et
1236 2098 1500 2134 caerimoniam

228 2162 296 2198 loci
316 2173 467 2208 corpore
494 2161 571 2196 loto
595 2160 780 2207 polluisse.
836 2168 1032 2207 secutaque
1058 2171 1194 2207 anceps
1220 2159 1389 2195 valetudo
1411 2159 1500 2195 iram

228 2225 338 2260 deum
359 2224 574 2259 adfirmavit.

280 2290 342 2323 23.
373 2287 419 2322 At
456 2285 620 2323 Corbulo
656 2292 739 2333 post
777 2285 895 2322 deleta
931 2285 1106 2321 Artaxata
1149 2284 1326 2320 utendum
1363 2284 1499 2320 recenti
