1674 2653
131 159 295 209 A.n.61.]
482 166 626 197 LIBER
655 165 753 195 XJV.
811 166 905 197 CAP.
937 162 1073 206 38-43.

93 276 114 304 2
131 265 270 302 insidiis
297 266 491 302 obnoxius.
547 266 579 301 ei
603 265 833 313 propinquus
860 265 1029 301 Valerius
1058 265 1253 310 Fabianus,
1281 279 1410 314 capes-

133 328 256 364 sendis
292 328 496 365 honoribus
540 328 752 372 destinatus,
793 328 954 364 subdidit
987 335 1251 365 testamentum
1288 330 1411 366 ascitis

134 391 280 427 Vinicio
300 391 437 427 Rufino
458 397 492 427 et
519 391 694 427 Terentio
721 390 879 426 Lentino
906 391 1087 439 equitibus
1115 392 1307 428 Romanis.
1361 392 1411 428 illi

95 466 115 493 3
134 455 339 491 Antonium
360 454 524 490 Primum
544 461 578 491 et
604 455 774 490 Asinium
796 453 1017 492 Marcellum
1041 456 1277 492 sociaverant.
1332 456 1410 491 An-

132 518 254 554 tonius
281 517 434 553 audacia
460 524 666 566 promptus,
696 517 894 554 Marcellus
921 518 1052 554 Asinio
1082 517 1247 555 Pollione
1272 530 1409 566 proavo
1430 531 1446 562 5

131 581 248 618 clarus
294 593 414 628 neque
462 593 608 617 morum
655 581 885 628 spernendus
933 581 1148 627 habebatur,
1195 583 1263 618 nisi
1309 583 1409 630 quod

89 654 112 681 4
131 649 381 692 paupertatem
402 644 640 691 praecipuum
657 643 838 680 malorum
859 644 1043 680 credebat.
1099 645 1207 692 igitur
1223 645 1409 681 Fabianus

130 707 272 744 tabulas
311 708 421 744 sociis
462 718 557 754 quos
597 707 800 743 memoravi
840 714 874 743 et
914 707 993 743 aliis
1036 708 1157 743 minus
1198 708 1409 745 inlustribus

89 780 110 808 5
130 771 310 817 obsignat.
365 770 466 818 quod
485 770 585 818 apud
605 776 728 819 patres
748 770 967 815 convictum,
989 777 1022 806 et
1044 770 1228 807 Fabianus
1248 772 1407 807 Antoni-

130 846 245 882 usque
283 845 367 870 cum
402 833 539 870 Rufino
570 841 605 870 et
643 834 821 870 Terentio
853 834 933 881 lege
967 833 1143 874 Cornelia
1175 835 1406 871 damnantur.
1429 848 1465 870 10

130 897 349 933 Marcellum
387 898 568 933 memoria
604 897 786 933 maiorum
825 903 860 933 et
897 909 1025 944 preces
1059 897 1226 934 Caesaris
1264 885 1406 945 poenae

129 961 248 1008 magis
269 973 381 1008 quarn
402 960 573 997 infamiae
593 972 777 997 exemere.
820 1001 823 1002 ⁷

179 1028 240 1061 41.
270 1024 426 1060 Perculit
445 1024 474 1060 is
495 1024 573 1060 dies
600 1023 819 1071 Pompeium
839 1035 987 1071 quoque
1009 1024 1214 1069 Aelianum,
1237 1025 1405 1061 iuvenem

129 1087 389 1135 quaestorium,
421 1094 609 1135 tamquam
646 1087 869 1134 flagitiorum
906 1087 1059 1123 Fabiani
1096 1099 1265 1134 gnarum,
1299 1089 1405 1136 eique

90 1157 110 1184 2
130 1150 232 1186 Italia
261 1156 296 1186 et
326 1149 517 1197 Hispania,
543 1150 579 1185 in
608 1162 680 1197 qua
709 1156 809 1186 ortus
838 1156 924 1194 erat,
948 1150 1180 1186 interdictum
1209 1158 1273 1187 est.
1328 1152 1404 1199 pari
1428 1165 1463 1196 15

129 1213 333 1261 ignominia
361 1212 530 1248 Valerius
559 1212 734 1248 Ponticus
762 1213 937 1258 adficitur,
969 1214 1069 1261 quod
1104 1225 1198 1258 reos,
1227 1226 1273 1250 ne
1306 1216 1404 1262 apud

127 1276 351 1324 praefectum
370 1276 468 1311 urbis
489 1283 738 1323 arguerentur,
756 1275 802 1311 ad
823 1281 1030 1323 praetorem
1047 1276 1242 1321 detulisset,
1259 1277 1404 1313 interim

89 1347 108 1375 3
127 1340 248 1387 specie
268 1339 402 1386 legum,
419 1350 507 1374 mox
528 1338 816 1386 praevaricando
832 1338 1012 1375 ultionem
1027 1339 1203 1375 elusurus.
1261 1340 1405 1376 additur

127 1410 275 1439 senatus
295 1402 475 1445 consulto,
498 1402 559 1448 qui
580 1401 690 1437 talem
712 1414 864 1449 operam
885 1402 1110 1449 emptitasset
1131 1403 1400 1440 vendidissetve

127 1466 275 1514 perinde
305 1477 425 1513 poena
454 1472 635 1501 teneretur
665 1477 706 1501 ac
736 1465 882 1512 publico
913 1465 1046 1501 iudicio
1079 1465 1287 1512 calumniae
1316 1479 1403 1502 con·
1424 1480 1462 1500 20

126 1529 330 1565 demnatus.

177 1596 245 1629 42.
276 1590 390 1627 Haud
415 1591 530 1627 multo
558 1597 641 1639 post
669 1590 894 1638 praefectum
919 1591 1016 1627 urbis
1038 1591 1241 1628 Pedanium
1265 1592 1403 1629 Secun-

127 1655 216 1691 dum
236 1666 360 1690 servus
385 1654 498 1701 ipsius
519 1654 708 1698 interfecit,
731 1666 793 1690 seu
814 1661 947 1702 negata
972 1655 1145 1699 libertate,
1168 1657 1225 1691 cui
1246 1657 1402 1703 pretium

126 1719 325 1766 pepigerat,
346 1718 418 1754 sive
439 1729 562 1754 amore
589 1717 723 1754 exoleti
742 1718 915 1754 incensus
939 1725 973 1754 et
997 1718 1188 1755 dominum
1215 1720 1401 1755 aemulum

88 1790 109 1818 2
127 1793 204 1817 non
223 1780 393 1818 tolerans
450 1787 611 1816 ceterum
632 1792 716 1816 cum
732 1787 849 1816 vetere
866 1793 911 1817 ex
932 1793 1034 1817 more
1049 1781 1223 1817 familiam
1239 1794 1401 1826 omnem,
1423 1794 1459 1823 25

127 1855 222 1892 quae
263 1845 332 1881 sul)
374 1844 505 1880 eodem
548 1850 644 1880 tecto
687 1844 952 1888 mansitaverat,
991 1845 1039 1880 ad
1080 1845 1300 1892 supplicium
1342 1846 1402 1892 agi

126 1912 319 1953 oporteret,
360 1918 540 1942 concursu
577 1906 705 1953 plebis,
744 1917 838 1952 quae
876 1912 928 1942 tot
965 1907 1136 1943 innoxios
1173 1908 1399 1955 protegebat,

127 1981 242 2017 usque
268 1969 314 2005 ad
342 1968 561 2005 seditionem
588 1976 735 2004 ventum
759 1974 813 2004 est
839 1976 1059 2016 senatusque
1085 1969 1247 2013 obsessus,
1269 1970 1305 2005 in
1325 1982 1400 2017 quo

127 2032 209 2079 ipso
235 2038 337 2067 erant
362 2031 479 2067 studia
506 2032 658 2067 nimiam
680 2031 907 2067 severitatem
929 2032 1213 2078 aspernantium,
1234 2032 1400 2079 pluribus

127 2094 214 2129 nihil
238 2094 455 2129 mutandum
482 2095 726 2130 censentibus.
782 2106 826 2130 ex
855 2094 935 2141 quis
962 2094 1003 2133 C.
1029 2094 1178 2130 Cassius
1201 2096 1399 2131 sententiae
1420 2110 1460 2139 30

127 2157 211 2193 loco
230 2157 267 2191 in
288 2156 384 2192 hunc
405 2156 559 2192 modum
579 2156 767 2192 disseruit:

179 2224 245 2256 43.
276 2221 284 2236 ‘
300 2218 417 2266 Saepe
462 2230 627 2262 numero,
668 2225 787 2266 patres
832 2220 1041 2266 conscripti,
1080 2220 1116 2254 in
1159 2219 1230 2256 hoc
1273 2220 1399 2257 ordine

128 2280 281 2325 interfui,
303 2292 387 2318 cum
416 2286 543 2321 contra
569 2280 729 2317 instituta
751 2288 788 2317 et
813 2281 912 2329 leges
938 2282 1119 2318 maiorum
1138 2294 1235 2318 nova
1255 2290 1400 2320 senatus

1148 2344 1171 2368 G
