1776 2653
564 179 795 210 CORNELII
825 181 989 210 TACJTJ
1013 181 1280 211 ANNALJUM
1330 172 1464 226 [A.u.c.
1486 182 1556 213 808.

286 287 457 329 parentes
498 280 721 324 effulserant,
761 280 886 329 deligit
923 288 1059 318 vestem
1097 287 1133 317 et
1175 294 1343 329 gemmas
1384 282 1555 329 misitque

286 345 425 381 donum
445 344 551 379 matri
571 344 669 379 nulla
694 344 929 391 parsimonia,
951 356 1034 379 cum
1061 345 1257 392 praecipua
1276 351 1312 381 et
1335 346 1458 393 cupita
1477 345 1556 380 aliis

285 408 383 455 prior
403 407 566 444 deferret.
622 407 685 443 sed
705 407 910 455 Agrippina
931 419 1005 442 non
1025 407 1080 443 his
1099 408 1222 443 instrui
1240 408 1359 445 cultus
1378 420 1474 452 suos,
1492 408 1555 444 sed
1573 414 1595 441 6

219 475 246 544 Ἐἰ
287 472 414 507 ceteris
442 471 554 507 arceri
583 470 788 518 p1oclamat
817 477 853 506 et
880 470 1037 507 dividere
1067 471 1191 514 filiurn,
1222 483 1315 519 quae
1346 481 1479 508 cuncta
1511 483 1556 507 ex

219 546 224 589 f
242 548 268 580 5
283 534 362 582 ipsa
381 534 543 571 haberet.

337 601 398 634 14.
428 596 509 633 Nec
524 596 669 634 defuere
685 609 747 645 qu1
767 596 804 632 in
818 597 1179 655 deteriusreferrent.
1226 604 1260 633 et
1277 597 1378 634 Nero
1393 597 1559 634 msensus

286 661 339 706 iis,
360 661 494 709 quibus
514 660 682 727 superbia
705 661 890 697 muliebris
913 643 1145 704 innitebatur,
1167 661 1336 697 demovet
1357 661 1559 697 Pallantem

286 736 374 760 cura
402 736 530 769 rerum,
559 720 686 772 quisae
712 724 868 760 Claudio
897 724 1089 772 impositus
1117 725 1213 760 velut
1240 725 1428 760 arbitrium
1456 725 1559 771 iegni

286 799 333 835 ag
311 788 440 832 <rebam
483 787 737 835 ferebaturque
763 787 998 835 degrediente
1025 800 1069 824 eo
1097 799 1232 835 magna
1259 788 1560 849 prosequentium

233 864 271 886 10
287 851 518 887 multitudine
547 863 623 887 non
652 844 806 887 absurde
836 851 983 894 dixisse,
1014 851 1063 886 ire
1093 850 1295 886 Pallantem
1325 857 1365 886 ut
1398 850 1560 886 eiuraret.

286 926 374 951 sane
402 914 591 961 pepigerat
621 914 740 950 Pallas
763 926 808 950 ne
838 915 941 950 cuius
971 913 1055 950 sacti
1083 914 1120 948 in
1149 914 1382 961 praeteritum
1406 914 1560 949 interro·
1577 923 1598 950 2

287 985 434 1025 garetur
456 990 633 1025 paresque
661 978 820 1014 rationes
840 989 923 1013 cum
944 990 980 1013 re
1002 977 1148 1025 publica
1168 977 1327 1013 liaberet.
1383 989 1561 1025 praeceps
1579 986 1599 1013 3

287 1041 441 1088 posthac
458 1041 666 1088 Agrippina
682 1053 784 1076 ruere
800 1041 846 1076 ad
861 1048 1033 1077 terrorem
1049 1047 1083 1076 et
1103 1041 1233 1084 minas,
1249 1053 1368 1088 neque
1389 1040 1563 1087 principis

288 1105 437 1140 auribus
469 1105 660 1148 abstinere,
701 1117 774 1153 quo
811 1105 932 1140 minus
963 1110 1154 1140 testaretur
1183 1104 1346 1140 adultum
1380 1104 1451 1140 iam
1484 1114 1562 1139 esse

235 1181 270 1212 15
290 1167 554 1212 Britannicum,
588 1180 711 1208 veiam
742 1168 966 1227 dignamque
996 1168 1147 1215 stirpem
1179 1167 1413 1215 suscipiendo
1452 1167 1563 1214 patris

290 1231 454 1279 imperio,
475 1232 574 1279 quod
603 1220 732 1268 insitus
757 1239 792 1268 et
819 1231 1013 1279 adoptivus
1038 1244 1102 1279 pel
1129 1232 1276 1267 iniurias
1306 1231 1430 1267 matris
1458 1242 1561 1266 exer-

289 1301 396 1331 ceret.
452 1307 529 1331 non
559 1296 721 1331 abnuere
757 1307 794 1331 se
828 1295 917 1343 quin
948 1300 1081 1331 cuncta
1114 1295 1264 1331 infelicis
1297 1294 1429 1330 domus
1467 1293 1602 1329 mala4

290 1359 515 1407 patefierent,
555 1370 642 1395 suae
679 1359 715 1394 in
754 1359 880 1406 primis
917 1359 1077 1405 nuptiae,
1111 1370 1216 1405 suurn
1255 1357 1496 1394 veneficium:
1527 1355 1563 1391 id

291 1423 410 1459 solum
439 1423 493 1459 dis
521 1429 556 1459 et
584 1423 649 1458 sibi
677 1423 874 1470 provisum,
900 1422 999 1470 quod
1020 1423 1153 1458 viveret
1182 1408 1378 1469 privignus.
1432 1421 1562 1456 ituram
1579 1428 1600 1456 5

236 1499 273 1520 20
291 1498 374 1522 eum
395 1486 456 1522 illo
475 1486 512 1520 in
527 1493 666 1528 castra;
696 1486 880 1521 audiretur
901 1486 984 1521 111116
1002 1485 1212 1522 Germanici
1234 1484 1317 1529 filia,
1339 1484 1422 1520 inde
1436 1483 1563 1534 debilis

257 1544 259 1546 ³
291 1562 414 1586 rursus
434 1550 571 1585 Burrus
591 1556 626 1585 et
645 1550 729 1585 exul
751 1549 905 1595 Seneca,
925 1556 1053 1600 trunca
1073 1548 1208 1584 scilicet
1233 1559 1345 1583 manu
1364 1554 1398 1583 et
1426 1546 1562 1595 profes-

290 1603 388 1667 ]soria
416 1614 540 1662 lingua
567 1613 710 1660 generis
740 1599 897 1648 humans
919 1613 1085 1660 regimen
1115 1611 1401 1659 expostulantes.
1457 1609 1562 1646 simul
1581 1617 1603 1645 6

290 1670 480 1713 intendere
513 1688 654 1720 manUS‚
689 1688 861 1723 aggerere
893 1677 1039 1723 probra,
1070 1681 1324 1711 consecratum
1357 1672 1562 1716 Claudium,

292 1740 452 1777 infernos
474 1739 679 1775 Silanorum
699 1751 827 1775 manes
847 1739 905 1774 inv
909 1750 1017 1775 ocale
1036 1745 1071 1774 et
1091 1745 1142 1774 tot
1163 1737 1268 1777 inrita
1287 1736 1459 1773 facinora.

237 1821 273 1852 25
345 1807 403 1840 15.
433 1803 619 1838 Turbatus
657 1802 711 1837 his
746 1801 847 1837 Ν610
877 1807 912 1837 et
950 1801 1158 1849 propinquo
1188 1800 1270 1855 (116,
1291 1810 1365 1846 quo
1394 1805 1563 1846 quartum

292 1868 515 1904 decumum
507 1866 663 1928 aetatis
655 1876 800 1920 annum
812 1864 1042 1900 Britannicus
1063 1836 1248 1909 explebat,
1263 1862 1424 1897 volutare
1439 1873 1562 1897 secum

292 1931 405 1967 modo
434 1929 557 1965 matris
587 1914 806 1976 violentiam,
831 1916 946 1963 modo
974 1927 1088 1974 ipsius
1116 1925 1289 1969 indolem,
1320 1924 1386 1960 levi
1415 1924 1563 1971 quidem

293 1994 545 2041 experimento
567 2004 683 2039 nuper
706 1991 904 2038 cognitam,
920 2001 994 2038 quo
1011 1996 1134 2025 tamen
1155 1993 1316 2024 lavorem
1337 1987 1406 2022 late
1422 1987 1631 2042 quaesi-s

293 2058 410 2093 visset.
465 2056 564 2091 festis
599 2054 758 2090 Saturno
790 2054 918 2089 diebus
956 2054 1047 2088 inter
1075 2052 1144 2087 alia
1181 2050 1389 2098 aequalium
1425 2049 1661 2089 ludigmgffll

237 2136 276 2166 30
296 2131 448 2168 regnum
485 2118 565 2154 lusu
601 2117 830 2152 sortientium
864 2122 1033 2151 evenerat
1061 2126 1105 2150 ea
1133 2125 1211 2150 sors
1249 2112 1402 2149 Neroni.
1457 2105 1601 2159 igitur3

262 2174 418 2281 11ἶ616115
445 2181 592 2225 diversa
615 2192 681 2216 nec
710 2180 883 2215 ruborem
910 2178 1104 2214 adlatura-r
1129 2177 1192 2212 ubi
1221 2175 1433 2211 Britannico
1461 2175 1564 2210 iussit

317 2251 504 2292 xsurgeret
516 2253 805 2292 progressusque
820 2242 856 2276 in
872 2241 1033 2276 medium
1043 2246 1191 2276 cantum
1205 2239 1363 2286 aliquem
1376 2238 1561 2285 inciperet,

294 2310 444 2344 inrisum
464 2320 508 2343 ex
528 2319 572 2344 eo
592 2317 741 2354 sperans
762 2304 862 2351 pueri
882 2304 1023 2339 sobrios
1042 2314 1191 2350 quoque
1208 2300 1561 2357 gornacum-'nedum
