1674 2653
148 197 219 222 arn.
241 182 309 235 65.]
477 191 625 221 LIBER
652 191 729 220 XV.
788 191 883 221 CAP.
915 186 1052 231 57-61.

145 292 234 328 dum
257 292 389 328 auxilia
413 291 567 328 libertati
590 291 748 327 invocat.
804 292 907 328 miles
929 291 1047 339 potius
1067 291 1210 328 deesset
1234 297 1270 327 et
1294 290 1420 338 plebes

145 357 337 400 desereret,
365 356 453 391 dum
481 356 559 403 ipse
589 355 803 400 maioribus,
836 355 924 391 dum
953 356 1119 402 posteris,
1152 356 1180 391 si
1212 355 1286 390 vita
1316 365 1421 402 prae-

106 432 126 462 7
145 420 330 467 riperetur,
358 426 515 455 mortem
539 419 771 466 adprobaret.
828 420 990 455 inmotus
1019 419 1074 455 his
1103 425 1137 455 et
1166 418 1357 466 paululum
1386 417 1422 452 in

145 483 293 531 publico
331 490 504 526 versatus,
544 489 630 530 post
671 482 773 518 domi
812 489 982 526 secretus,
1021 482 1187 518 animum
1228 482 1422 517 adversum

146 558 317 595 suprema
354 546 532 590 firmabat,
572 545 691 582 donec
729 558 860 581 manus
898 546 1054 582 militum
1092 545 1291 588 adveniret,
1328 554 1459 592 quos5

147 609 247 646 Nero
276 611 412 646 tirones
440 617 502 646 aut
532 610 723 658 stipendiis
755 616 920 646 recentes
953 610 1162 656 delegerat:
1203 621 1290 645 nam
1322 616 1424 644 vetus

106 674 250 710 smiles
288 674 482 710 timebatur
520 681 710 721 tamquam
748 673 869 710 favore
906 674 1064 709 inbutus.
1134 672 1223 708 obiit
1261 672 1425 720 abruptis

146 737 381 773 brachiorum
411 738 522 773 venis.
579 743 838 773 testamentum
872 736 988 773 foedis
1019 736 1193 773 adversus
1232 735 1424 772 Neronem

146 801 415 838 adulationibus
444 801 559 837 amori
593 801 718 837 uxoris
748 801 856 843 dedit,
887 812 998 849 quam
1028 800 1249 848 degenerem
1283 807 1316 835 et
1347 798 1425 834 sola

146 866 311 913 corporis
339 865 457 901 forma
484 864 784 900 commendatam
814 864 919 908 amici
949 864 1185 900 matrimonio
1213 862 1422 899 abstulerat.
1446 871 1482 892 10

107 939 128 966 9
148 940 285 964 nomen
315 929 476 964 mulieris
503 928 606 964 Atria
635 927 753 972 Galla,
784 927 895 975 priori
926 928 1056 968 marito
1087 927 1272 963 Domitius
1304 925 1422 962 Silus:

148 992 205 1028 hic
226 992 410 1039 patientia,
431 992 490 1027 illa
511 991 721 1039 inpudicitia
743 991 888 1026 Pisonis
909 991 1099 1027 infamiam
1120 1002 1381 1039 propagavere.

201 1060 268 1092 60.
298 1055 513 1091 Proximam
543 1066 672 1091 necem
702 1054 831 1090 Plautii
858 1053 1030 1090 Laterani
1058 1054 1219 1091 consulis
1246 1053 1425 1101 designati

149 1115 250 1152 Nero
278 1116 453 1164 adiungit,
470 1116 570 1167 'adeo
596 1126 764 1163 propere,
785 1121 824 1150 ut
849 1127 925 1151 non
953 1115 1149 1162 complecti
1176 1115 1322 1158 liberos,
1349 1126 1425 1149 non

110 1188 130 1215 2
149 1179 234 1215 illud
249 1180 356 1216 breve
369 1180 495 1215 mortis
508 1179 694 1214 arbitrium
708 1178 943 1226 permitteret.
972 1186 1096 1225 raptus
1110 1179 1145 1213 in
1160 1177 1424 1215 locumservili-
1448 1188 1482 1218 15

149 1244 217 1279 bus
246 1244 374 1290 poenis
401 1243 601 1290 sepositum
626 1253 740 1277 manu
771 1242 873 1278 Statii
902 1242 1036 1278 tribuni
1060 1242 1269 1285 trucidatur,
1296 1241 1426 1289 plenus

149 1305 351 1339 constantis
379 1303 510 1339 silentii
531 1314 598 1339 nec
620 1303 766 1338 tribuno
787 1302 950 1338 obiciens
969 1302 1128 1338 eandem
1149 1302 1425 1339 conscientiam.

109 1374 129 1402 3
203 1366 373 1415 Sequitur
398 1366 530 1402 caedes
554 1366 697 1402 Annaei
723 1365 898 1409 Senecae,
924 1366 1122 1402 laetissima
1150 1365 1319 1413 principi,
1350 1376 1427 1400 non

149 1428 234 1475 quia
274 1427 540 1463 coniurationis
585 1426 820 1462 manifestum
863 1435 1104 1474 compererat,
1145 1426 1209 1462 sed
1251 1432 1290 1461 ut
1331 1425 1426 1461 ferro

109 1505 130 1531 4
149 1497 383 1537 grassaretur,
404 1491 555 1538 quando
575 1502 759 1525 venenum
780 1502 856 1525 non
876 1496 1114 1538 processerat.
1170 1490 1270 1526 solus
1290 1490 1426 1538 quippe
1448 1497 1485 1519 ²0

150 1553 292 1590 Natalis
312 1560 347 1590 et
367 1553 546 1590 hactenus
570 1553 759 1601 prompsit,
781 1553 937 1589 missurn
957 1566 995 1590 se
1022 1554 1068 1589 ad
1097 1561 1289 1601 aegrotum
1314 1552 1427 1589 Sene-

150 1629 244 1660 cam,
265 1618 318 1653 uti
338 1618 464 1653 viseret
484 1622 844 1665 conquerereturque
864 1629 931 1653 cur
949 1617 1123 1654 Pisonem
1145 1617 1245 1653 aditu
1265 1622 1426 1653 arceret:

150 1681 281 1716 melius
314 1680 402 1726 fore,
436 1681 465 1716 si
500 1681 700 1716 amicitiam
735 1680 901 1716 familiari
932 1692 1132 1728 congressu
1165 1681 1426 1717 exercuissent.

111 1751 185 1780 5et
215 1744 448 1792 respondisse
485 1744 666 1780 Senecam
701 1755 891 1779 sermones
925 1751 1074 1780 mutuos
1105 1751 1141 1781 et
1173 1745 1302 1780 crebra
1338 1755 1426 1780 con-

150 1808 274 1856 loquia
299 1808 414 1843 neutri
435 1808 659 1852 conduce1·e;
689 1814 851 1843 ceterum
876 1808 1029 1844 salutem
1051 1820 1155 1844 suam
1175 1808 1426 1844 incolumitate
1448 1816 1484 1846 25

111 1878 133 1905 6
151 1871 295 1907 Pisonis
315 1871 427 1906 inniti.
471 1871 559 1906 haec
581 1871 672 1906 serre
694 1869 832 1907 Gavius
854 1870 1023 1907 Silvanus
1039 1872 1206 1908 tribunus
1223 1871 1427 1919 praetoriae

152 1935 322 1980 cohortis,
333 1942 367 1971 et
379 1935 528 1971 andicta
537 1934 678 1970 Natalis
691 1946 830 1982 suaque
847 1947 1026 1982 responsa
1039 1942 1207 1971 nosceret
1222 1934 1426 1983 percontari

114 2005 131 2035 7
153 1999 332 2035 Senecam
353 1999 505 2034 iubetur.
560 1999 589 2033 is
609 1998 700 2034 forte
720 2010 767 2033 an
787 1998 949 2045 prudens
964 1998 1010 2034 ad
1030 2011 1115 2034 eum
1136 1999 1232 2035 diem
1253 2010 1298 2034 ex
1316 1998 1426 2034 Cam-

151 2063 261 2110 pania
280 2068 505 2099 remeaverat
531 2068 775 2109 quartumque
798 2061 896 2108 apud
920 2062 1082 2109 lapidem
1108 2063 1323 2098 suburbano
1347 2075 1426 2099 rure

114 2137 135 2163 8
154 2126 369 2162 substiterat.
426 2125 487 2160 illo
516 2125 725 2172 propinqua
748 2136 898 2172 vespera
926 2126 1092 2161 tribunus
1121 2126 1218 2161 venit
1242 2132 1277 2161 et
1306 2126 1426 2162 villam
1447 2134 1486 2163 30

153 2189 273 2235 globis
294 2189 448 2223 militum
468 2189 626 2235 saepsit3
656 2196 733 2223 tum
748 2188 815 2235 ipsi
836 2200 920 2224 cum
942 2188 1120 2236 Pompeia
1141 2188 1293 2224 Paulina
1314 2201 1426 2225 uxore

154 2258 189 2287 et
210 2251 336 2287 amicis
356 2251 500 2287 duobus
520 2251 680 2298 epulanti
701 2251 877 2287 mandata
896 2252 1124 2299 imperatoris
1145 2252 1267 2288 edidit.

208 2319 266 2352 61.
298 2314 439 2350 Seneca
459 2314 614 2350 missum
636 2314 682 2350 ad
699 2326 736 2350 se
755 2313 926 2350 Natalem
943 2321 1262 2362 conquestumque
1276 2316 1427 2353 nomine
