1674 2653
528 163 758 195 CORNELII
796 166 958 196 TAClTl
992 167 1255 197 AMVALHJM
1306 158 1439 211 [A.U.C.
1462 168 1530 197 812.

264 262 421 299 Othonis
436 264 632 310 coniugio:
662 265 793 301 ituram
809 278 961 314 quoquo
977 273 1165 311 terrarum,
1180 268 1241 303 ubi
1257 267 1395 303 audiret
1412 267 1534 314 potius

262 327 504 362 contumelias
530 328 760 375 imperatoris
786 342 896 377 quam
918 331 1047 366 viseret
1075 330 1244 378 periculis
1269 331 1345 366 eius
1372 330 1532 367 inmixta.

260 388 350 425 haec
395 397 503 437 atque
548 392 632 427 talia
675 392 834 428 lacrimis
878 400 912 429 et
956 399 1031 429 arte
1075 394 1259 429 adulterae
1306 394 1534 441 penetrantia
1552 405 1572 432 5

261 464 370 488 nemo
413 454 641 500 prohibebat,
680 456 912 502 cupientibus
956 457 1097 493 cunctis
1143 452 1286 503 infringi
1331 456 1533 503 potentiam

225 517 383 554 fimatris
415 524 450 552 et
482 517 654 554 credente
695 519 795 555 nullo
827 532 942 567 usque
983 520 1029 556 ad
1067 520 1217 557 caedem
1247 520 1324 556 eius
1362 519 1533 554 duratura

259 580 319 614 filii
339 580 432 615 odia.

313 645 349 676 3.
379 641 492 688 Igitur
509 640 608 676 Nero
624 641 731 676 vitare
749 646 907 676 secretos
926 640 1002 676 eius
1023 652 1252 688 congressuS‚
1270 643 1528 680 abscedentem

260 704 295 739 in
326 703 450 739 hortos
480 710 540 738 aut
570 703 823 738 Tusculanum
851 703 905 738 vel
934 703 1118 739 Antiatem
1147 705 1184 740 in
1214 717 1341 752 agrum
1371 706 1527 751 laudare,

260 766 361 813 quod
400 766 513 802 otium
554 772 768 812 capesseret.
823 771 1022 812 postrenm,
1061 766 1282 815 ubicumque
1324 768 1565 811 haberetur,2

207 845 244 867 10
261 840 495 876 praegravem
525 835 622 863 ratus
650 828 850 863 interficere
880 828 1074 871 constituit,
1100 828 1276 865 hactenus
1305 831 1525 874 consultans,

259 903 400 926 veneno
428 903 473 926 an
495 890 588 925 ferro
607 889 661 925 vel
683 901 755 937 qua
775 890 843 924 alia
863 889 907 924 vi.
964 890 1171 937 placuitque
1192 892 1311 938 primo
1336 904 1525 928 venenum.
1543 898 1564 926 3

259 953 321 989 sed
350 954 443 988 inter
470 953 595 1000 epulas
625 952 794 1000 principis
824 952 851 988 si
881 952 1037 997 daretur,
1067 953 1187 989 referri
1219 954 1265 990 ad
1296 967 1422 991 casum
1451 967 1526 991 non

258 1024 400 1064 poterat
437 1018 496 1053 tali
534 1018 605 1052 iam
644 1016 842 1052 Britannici
880 1017 1011 1060 exitio;
1063 1023 1098 1052 et
1134 1018 1318 1054 ministros
1352 1024 1525 1066 temptare

258 1080 411 1115 arduum
443 1080 630 1115 videbatur
662 1080 821 1115 mulieris
854 1091 921 1114 usu
960 1079 1135 1115 scelerum
1174 1081 1344 1117 adversus
1378 1081 1524 1118 insidias

204 1142 438 1188 15inteniae;
472 1149 578 1189 atque
605 1143 682 1189 ipsa
703 1143 972 1189 praesumendo
998 1143 1156 1178 remedia
1176 1143 1355 1179 munierat
1382 1155 1522 1191 corpus.

257 1205 391 1241 ferrum
407 1211 441 1241 et
456 1205 584 1242 caedes
600 1217 761 1253 quonam
778 1205 890 1240 modo
906 1206 1157 1248 occultaretur,
1174 1217 1283 1242 nemo
1303 1207 1522 1254 reperiebat;
1540 1212 1563 1240 4

255 1275 289 1304 et
318 1280 363 1304 ne
391 1268 471 1316 quis
500 1268 547 1303 illi
574 1274 673 1304 tanto
698 1268 850 1303 facinori
877 1268 1034 1304 delectus
1062 1270 1156 1304 iussa
1182 1276 1365 1316 sperneret
1387 1276 1522 1305 metue-

255 1331 353 1367 bant.
407 1331 536 1367 obtulit
588 1331 775 1377 ingenium
827 1331 1003 1366 Anicetus
1054 1331 1213 1374 libertus,
1269 1332 1374 1367 classi
1426 1332 1522 1379 apud
1539 1337 1560 1365 5

257 1393 442 1430 Misenum
468 1393 670 1441 praefectus
693 1399 727 1429 et
746 1393 919 1440 pueritiae
947 1393 1105 1429 Neronis
1126 1393 1300 1430 educator
1324 1407 1366 1430 ac
1388 1395 1522 1430 mutuis

200 1470 239 1491 20
255 1457 347 1492 odiis
367 1456 591 1504 Agrippinae
615 1456 762 1492 invisus.
817 1468 904 1502 ergo
925 1468 1053 1492 navem
1074 1468 1182 1504 posse
1203 1457 1375 1504 componi
1401 1457 1518 1501 docet,
1539 1463 1561 1491 <3

254 1520 353 1555 cuius
374 1531 456 1566 pars
476 1519 556 1565 ipso
576 1519 613 1554 in
633 1519 722 1554 mari
746 1531 810 1566 per
833 1525 946 1554 artem
966 1519 1084 1554 soluta
1103 1519 1308 1555 effunderet
1335 1520 1519 1566 ignaram:

253 1581 341 1617 nihil
371 1588 444 1616 tam
476 1593 592 1628 capax
626 1581 855 1617 fortuitorum
887 1593 998 1628 quam
1031 1593 1156 1626 mare;
1204 1588 1238 1618 et
1271 1582 1300 1617 si
1333 1583 1558 1629 naufragio‘z

251 1645 449 1691 intercepta
475 1644 528 1688 sit,
556 1656 666 1691 quem
693 1644 786 1679 adeo
814 1644 989 1691 iniquum,
1015 1650 1054 1679 ut
1080 1644 1204 1680 sceleri
1229 1645 1395 1692 adsignet
1421 1645 1520 1692 quod

250 1707 346 1743 venti
369 1713 402 1742 et
428 1706 557 1742 fluctus
582 1706 823 1754 deliquerint?
863 1706 1070 1742 additurum
1097 1707 1300 1755 principem
1327 1707 1520 1744 defunctae

196 1778 232 1808 25
252 1770 427 1817 templum
447 1776 482 1805 et
501 1782 581 1805 aras
602 1776 636 1805 et
656 1775 777 1805 cetera
797 1770 1037 1805 ostentandae
1057 1770 1192 1816 pietati.

300 1837 340 1869 4.
370 1833 511 1868 Placuit
548 1832 715 1876 sollertia,
749 1838 912 1879 tempore
949 1832 1059 1868 etiarn
1098 1833 1182 1876 iuta,
1215 1833 1363 1880 quando
1400 1833 1518 1878 Quin·

249 1901 444 1942 quatruum
464 1895 574 1930 festos
594 1894 670 1930 dies
694 1895 791 1941 apud
811 1894 918 1930 Baias
944 1894 1206 1942 frequentabat.
1260 1895 1342 1931 illuc
1363 1902 1516 1932 matrem
1534 1904 1556 1933 2

249 1957 354 2001 elicit,
382 1957 548 1992 ferendas
576 1957 783 2004 parentium
812 1957 1016 1993 iracundias
1042 1964 1077 1993 et
1104 1957 1326 2005 placandum
1353 1959 1517 1994 animum

250 2020 428 2065 dictitans,
450 2031 524 2067 quo
550 2031 732 2055 rumorem
759 2020 1064 2056 reconciliationis
1088 2021 1242 2056 efficeret
1264 2021 1517 2069 acciperetque

194 2091 233 2121 30
250 2083 463 2129 Agrippina,
482 2082 574 2118 facili
593 2082 810 2118 feminarum
831 2082 1040 2118 credulitate
1061 2082 1106 2118 ad
1125 2083 1269 2131 gaudia.
1311 2083 1515 2119 venientem
1532 2092 1554 2120 3

202 2170 204 2172 -
248 2144 380 2180 dehinc
400 2145 527 2181 obvius
551 2145 586 2180 in
607 2145 709 2181 litora
729 2144 833 2192 (nam
854 2145 966 2181 Antio
989 2143 1224 2194 adventabat)
1243 2145 1385 2193 excepit
1404 2157 1516 2181 manu

248 2213 284 2242 et
319 2207 516 2254 complexu
550 2207 720 2255 ducitque
754 2206 903 2244 Baulos.
958 2208 996 2243 id
1032 2207 1135 2244 villae
1168 2219 1305 2244 nomen
1338 2215 1392 2244 est
1422 2214 1556 2255 quae4

248 2270 540 2317 promunturium
568 2269 753 2307 Misenum
780 2270 874 2305 inter
898 2276 933 2306 et
953 2269 1133 2306 Baianum
1158 2270 1279 2307 lacum
1305 2269 1400 2307 flexo
1425 2271 1515 2306 mari
