1674 2653
559 203 788 234 CORNELII
817 203 983 234 TACJTI
1005 203 1275 233 ANNALJUM
1325 194 1458 246 [A.U.C.
1479 204 1550 242 817.

276 311 375 341 certa
403 304 456 340 sui
484 310 584 351 parte
613 304 689 340 sine
715 304 878 339 trabibus
905 315 996 340 saxo
1020 303 1169 340 Gabino
1194 303 1387 339 Albanove
1416 301 1550 338 solida-

278 374 411 410 rentur,
432 367 531 414 quod
552 367 580 402 is
609 367 701 415 lapis
727 366 872 414 ignibus
896 367 1092 414 impervius
1113 372 1188 412 est3
1217 367 1291 402 iam
1314 377 1409 414 aqua
1433 365 1550 413 priva-

277 437 395 467 torum
429 430 572 466 licentia
600 430 804 477 intercepta
841 441 916 477 quo
948 430 1082 477 largior
1114 436 1149 465 et
1185 430 1349 477 pluribus
1386 428 1477 465 locis
1514 429 1551 463 in

278 494 465 542 publicum
484 494 619 538 flueret,
641 493 823 536 custodes,
845 500 879 529 et
903 493 1065 529 subsidia
1090 493 1330 541 reprimendis
1349 492 1495 540 ignibus
1514 491 1551 526 in

243 570 260 600 5
279 557 472 606 propatulo
495 557 649 604 quisque
674 556 848 601 haberet;
891 568 958 601 nec
984 556 1246 593 communione
1274 556 1465 603 parietum,
1487 554 1551 591 sed

279 620 436 669 propriis
457 632 625 669 quaeque
653 620 767 656 muris
793 620 1029 656 ambirentur.
1084 632 1128 655 ea
1152 632 1197 656 ex
1223 619 1374 655 utilitate
1404 624 1551 665 accepta
1569 626 1588 655 5

279 683 451 720 decorem
486 695 633 731 quoque
670 694 788 719 novae
824 682 904 718 urbi
951 682 1114 719 attulere.
1169 688 1270 718 erant
1320 687 1443 717 tamen
1489 681 1551 728 qui

278 747 478 791 crederent,
495 753 654 782 veterem
668 746 766 781 illam
787 745 943 782 sormam
965 745 1164 782 salubritati
1185 745 1302 792 magis
1318 743 1551 786 conduxisse,

279 810 457 857 quoniam
476 809 666 857 angustiae
687 809 858 845 itinerum
878 815 913 845 et
933 808 1085 845 altitudo
1105 814 1287 845 tectorum
1305 819 1381 844 non
1401 807 1552 855 perinde

225 884 263 905 10
280 873 365 909 solis
385 885 518 920 vapore
542 879 885 920 perrumperentur;
914 878 950 908 at
971 884 1071 908 nunc
1092 871 1255 919 patulam
1275 870 1503 907 latitudinem
1518 876 1553 906 et

279 936 378 971 nulla
397 937 527 972 umbra
547 935 737 971 defensam
757 935 923 982 graviore
944 942 1045 971 aestu
1066 935 1266 971 ardescere.

330 1003 398 1036 44.
427 998 474 1035 Et
492 999 581 1035 haec
595 998 742 1046 quidem
763 998 933 1034 humanis
953 998 1113 1034 consiliis
1129 997 1422 1046 providebantur.
1463 1009 1552 1033 mox

280 1063 391 1111 petita
406 1063 460 1099 dis
472 1062 617 1110 piac'ula
629 1061 788 1109 aditique
810 1061 967 1097 Sibullae
980 1061 1070 1107 libri,
1088 1073 1133 1097 ex
1154 1061 1287 1110 quibus
1307 1061 1551 1109 supplicatum

280 1126 450 1163 Volcano
487 1131 523 1161 et
552 1124 677 1162 Cereri
708 1124 1034 1172 Proserpinaeque,
1065 1137 1108 1161 ac
1138 1125 1332 1172 propitiata
1361 1124 1455 1160 Iuno
1488 1136 1553 1172 per

225 1200 260 1230 15
279 1196 478 1233 matronas,
497 1189 657 1236 primum
676 1188 712 1223 in
728 1187 924 1235 Capitolio,
940 1187 1071 1224 deinde
1091 1188 1189 1235 apud
1208 1188 1419 1235 proximum
1439 1199 1550 1231 mare,

279 1252 377 1288 unde
397 1252 527 1288 hausta
546 1263 642 1298 aqua
668 1251 848 1298 templum
875 1257 912 1287 et
941 1251 1178 1287 simulacrum
1206 1252 1295 1287 deae
1319 1262 1552 1299 perspersum

281 1322 356 1360 est;
399 1323 434 1351 et
463 1314 676 1351 sellisternia
701 1326 744 1350 ac
768 1314 954 1362 pervigilia
979 1314 1207 1351 celebravere
1235 1314 1393 1351 feminae
1417 1315 1552 1361 quibus

281 1378 400 1415 mariti
422 1371 534 1414 erant.
590 1377 654 1414 sed
677 1389 754 1413 non
779 1389 850 1425 ope
874 1376 1046 1421 humana,
1073 1389 1150 1413 non
1178 1377 1430 1424 largitionibus
1455 1377 1552 1424 prin·
1569 1384 1589 1411 2

282 1442 371 1490 cipis
395 1448 457 1477 aut
480 1441 592 1477 deum
618 1440 858 1488 placamentis
881 1439 1083 1476 decedebat
1110 1440 1267 1484 infamia,
1295 1440 1385 1489 quin
1411 1441 1553 1476 iussum

225 1522 263 1542 20
282 1504 491 1541 incendium
511 1503 726 1540 crederetur.
781 1515 870 1551 ergo
890 1502 1074 1539 abolendo
1100 1504 1237 1539 rumori
1264 1503 1365 1540 Nero
1392 1503 1553 1539 subdidit
1570 1510 1589 1537 3

281 1580 364 1604 reos
391 1575 424 1603 et
449 1566 729 1615 quaesitissimis
755 1566 884 1613 poenis
904 1565 1046 1610 adfecit,
1067 1577 1158 1613 quos
1178 1578 1243 1614 per
1262 1566 1398 1614 flagitia
1418 1566 1553 1602 invisos

279 1631 410 1678 vulgus
430 1629 655 1667 Christianos
675 1628 894 1676 appellabat.
949 1636 1075 1665 auctor
1093 1629 1253 1665 nominis
1280 1630 1358 1665 eius
1386 1628 1552 1666 Christus
1569 1636 1590 1662 4

281 1694 434 1730 Tiberio
470 1693 699 1739 imperitante
749 1704 814 1739 per
850 1698 1123 1739 procuratorem
1173 1692 1344 1728 Pontium
1394 1692 1568 1741 Pilatum>¹
1602 1736 1612 1742 ,-

282 1757 463 1805 supplicio
492 1755 656 1792 adfectus
684 1761 781 1799 erat;
820 1766 1061 1802 repressaque
1093 1755 1129 1790 in
1159 1766 1332 1802 praesens
1362 1740 1565 1791 exitiabilis&
1592 1740 1618 1753 'v

226 1831 262 1862 ²5
282 1820 490 1867 superstitio
536 1830 679 1854 rursum
728 1819 954 1865 erumpebat,
990 1829 1067 1853 non
1115 1818 1229 1855 modo
1266 1830 1330 1864 per
1366 1818 1555 1864 Iudaeam,

281 1883 461 1931 originem
480 1883 557 1918 eius
575 1881 673 1924 mali,
695 1881 759 1917 sed
779 1893 845 1928 per
864 1882 994 1916 urbem
1010 1881 1130 1924 etiam,
1145 1893 1221 1928 quo
1240 1888 1372 1917 cuncta
1391 1881 1554 1929 undique

281 1946 417 1982 atrocia
436 1951 497 1981 aut
516 1943 690 1992 pudenda
703 1943 895 1979 confluunt
914 1943 1224 1992 celebranturque.
1244 1989 1246 1991 ,
1270 1944 1378 1990 igitur
1397 1944 1555 1991 primum
1572 1952 1593 1981 5

282 2008 439 2056 correpti
458 2008 520 2055 qui
536 2007 752 2050 fatebantur,
770 2006 902 2042 deinde
923 2006 1059 2042 indicio
1073 2018 1200 2042 eorum
1217 2006 1410 2042 multitudo
1425 2007 1556 2053 ingens

282 2071 380 2108 haud
398 2070 551 2119 proinde
570 2070 607 2105 in
626 2070 776 2106 crimine
804 2069 964 2105 incendii
988 2080 1100 2116 quam
1127 2069 1212 2105 odio
1240 2068 1392 2105 humani
1411 2070 1557 2117 generis

225 2145 264 2175 30
282 2135 438 2171 convicti
475 2140 568 2169 sunt.
625 2140 660 2168 et
697 2133 935 2180 pereuntibus
972 2132 1093 2167 addita
1130 2132 1297 2175 ludibria,
1329 2138 1367 2167 ut
1396 2132 1555 2168 ferarum
1573 2139 1595 2167 6

282 2198 392 2245 tergis
421 2196 577 2233 contecti
607 2196 743 2231 laniatu
773 2206 908 2230 canum
937 2195 1134 2238 interirent,
1160 2201 1222 2230 aut
1251 2194 1418 2230 crucibus
1445 2194 1557 2230 adfixi

282 2270 344 2296 aut
371 2259 599 2303 flammandi,
623 2265 743 2306 atque,
769 2258 830 2294 ubi
855 2257 1048 2294 defecisset
1073 2258 1160 2302 dies,
1186 2257 1223 2293 in
1251 2269 1359 2293 usum
1387 2259 1555 2294 nocturni

282 2322 429 2359 luminis
448 2329 647 2358 urerentur.
701 2320 828 2357 hortos
851 2331 938 2356 suos
957 2320 989 2356 ei
1017 2320 1229 2367 spectaculo
1255 2319 1357 2356 Nero
1376 2319 1556 2357 obtulerat
1571 2326 1592 2357 '1
