1674 2653
483 170 711 211 CORNELII
743 181 906 211 TACJTJ
930 182 1198 213 ANNALIUM
1248 174 1380 228 [auc.
1400 185 1472 225 815.

707 388 864 425 LIBER
885 389 968 426 XV.

254 532 286 565 1.
315 528 485 566 INTEREA
505 541 567 565 rex
593 529 812 565 Parthorum
838 530 1231 591 Vologesescognitis
1252 531 1511 589 Corbulonis„

201 592 308 627 rebus
333 604 531 640 regemque
552 593 796 639 alienigenam
817 593 1006 641 Tigranen
1027 591 1224 631 Armeniae
1249 595 1489 650 impositum„

203 655 308 690 simul
340 655 447 691 fratre
480 656 644 692 Tiridate
674 656 779 704 pulso
810 663 971 704 spretum
999 657 1261 693 Arsacidarum
1289 648 1475 705 fastigium

202 718 252 753 ire
281 718 397 753 ultum
426 719 564 764 volens,
592 720 844 766 magnitudine
874 732 1017 756 rursum
1047 720 1219 756 Romana
1246 727 1282 757 et
1310 722 1473 757 continui

166 791 182 821 5
203 780 358 817 foederis
389 783 588 818 reverentia
619 782 777 818 diversas
810 782 856 818 ad
894 794 998 819 curas
1036 784 1254 828 trahebatur,
1287 791 1475 821 cunctator

203 844 352 890 ingenio
378 852 411 880 et
441 845 645 883 defectione
673 845 945 893 Hyrcanorum,
968 847 1085 894 gentis
1111 847 1260 891 validae,
1280 847 1474 895 multisque

202 919 247 942 ex
272 919 317 943 eo
337 908 440 944 bellis
466 908 647 955 inligatus.
703 915 811 956 atque
833 909 932 944 illum
956 910 1169 956 ambiguum
1190 921 1307 946 novus
1327 911 1475 958 insuper
1490 916 1512 945 2

203 971 351 1006 nuntius
383 972 628 1007 contumeliae
663 972 895 1017 exstimulat:
935 972 1072 1020 quippe
1100 985 1269 1020 egressus
1298 974 1475 1010 Armenia

201 1033 385 1081 Tigranes
406 1035 633 1079 Adiabenos,
652 1029 920 1071 conterminam
937 1036 1136 1080 nationem,
1154 1036 1260 1072 latius
1279 1049 1321 1073 ac
1342 1037 1475 1073 diutius

150 1112 184 1133 10
203 1109 312 1144 quam
335 1110 397 1145 pei·
417 1098 604 1134 latrocinia
625 1105 835 1143 vastaverat,
857 1099 964 1146 idque
985 1100 1162 1147 primores
1181 1100 1346 1147 gentium
1366 1113 1474 1148 aegre

203 1161 426 1197 tolerabant:
457 1173 503 1198 eo
526 1162 812 1210 contemptionis
833 1163 1062 1205 descensum,
1083 1169 1120 1198 ut
1146 1175 1192 1198 ne
1214 1163 1304 1199 duce
1325 1164 1474 1211 quidem

204 1223 376 1259 Romano
403 1221 682 1269 incursarentur,
704 1225 768 1261 sed
792 1225 992 1261 temeiitate
1019 1225 1159 1261 obsidis
1185 1232 1237 1262 tot
1264 1238 1328 1274 per
1356 1239 1473 1263 annos

201 1287 292 1323 inter
323 1288 509 1337 mancipia
542 1289 664 1325 habiti.
720 1289 944 1326 accendebat
978 1288 1143 1325 dolorem
1174 1301 1302 1325 eorum
1336 1289 1511 1327 Morio-3

201 1351 324 1393 bazus,
358 1363 467 1398 quem
497 1364 609 1399 penes
643 1352 876 1389 Adiabenum
909 1353 1083 1400 regimen,
1112 1353 1212 1400 quod
1249 1354 1472 1400 praesidium

147 1427 182 1457 15
202 1421 262 1451 aut
299 1415 396 1451 unde
434 1422 570 1462 peteret
606 1417 780 1464 rogitans.
836 1417 910 1452 iam
949 1417 993 1452 de
1030 1417 1206 1452 Armenia
1243 1424 1513 1461 concessum,4

202 1478 368 1525 proxima
384 1478 495 1522 trahi;
524 1484 559 1514 ct
579 1479 647 1514 nisi
668 1478 865 1515 defendant
886 1478 1021 1521 Parthi,
1042 1479 1154 1515 levius
1174 1479 1356 1515 servitium
1376 1481 1471 1532 apud

202 1540 395 1577 Romanos
415 1541 545 1578 deditis
568 1554 680 1590 quam
705 1543 820 1590 captis
847 1554 937 1578 esse.
988 1542 1170 1578 Tiridates
1195 1554 1343 1590 quoque
1369 1542 1471 1590 regni
1488 1549 1510 1578 5

200 1603 376 1651 profugus
407 1617 471 1652 per
504 1606 685 1641 silentium
715 1613 776 1642 aut
809 1606 955 1642 modice
985 1606 1174 1653 querendo
1202 1607 1345 1654 gravior
1373 1614 1470 1643 erat:

202 1679 277 1702 non
307 1667 405 1702 enim
429 1667 574 1713 ignavia
595 1680 732 1715 magna
761 1668 912 1715 imperia
938 1668 1139 1725 coptineri3
1171 1668 1329 1720 virorum
1350 1681 1470 1722 armo-

147 1744 184 1764 20
203 1742 355 1778 rumque
386 1730 591 1766 faciendum
622 1738 829 1775 certamem
860 1731 894 1766 id
920 1731 956 1765 in
982 1743 1126 1766 summa
1150 1731 1296 1767 fortuna
1321 1733 1472 1779 aequius

200 1793 301 1840 quod
332 1793 506 1838 validius;
536 1801 570 1830 et
604 1806 669 1829 sua
698 1795 853 1830 retinere
887 1794 1048 1841 privatae
1089 1794 1233 1839 domus,
1263 1795 1309 1831 de
1346 1795 1473 1832 alienis

201 1863 338 1892 certare
359 1856 496 1903 regiam
517 1856 662 1893 laudem
682 1869 771 1892 esse.

254 1923 289 1954 2.
320 1919 435 1966 Igitur
472 1928 682 1956 commotus
720 1920 774 1956 his
812 1919 1017 1967 Vologeses
1055 1920 1395 1973 concilium-nvocat
1437 1928 1473 1957 et

201 1983 413 2030 proximum
437 1982 504 2018 sibi
525 1982 720 2018 Tiridaten
745 1982 932 2018 constituit
953 1983 1067 2030 ¹atque
1092 1983 1140 2019 ita
1159 1984 1318 2020 orditur:
1350 1988 1356 2002 ‘
1374 1985 1471 2020 hunc

146 2060 182 2089 25
201 2057 271 2092 ego
300 2045 431 2081 eodem
465 2056 610 2081 mecum
641 2052 743 2092 patre
772 2045 946 2092 genitum,
977 2057 1062 2081 cum
1097 2046 1184 2082 mihi
1218 2059 1282 2093 per
1315 2053 1470 2083 aetatem

202 2117 348 2141 summo
361 2105 508 2141 nomine
523 2106 775 2150 concessisset,
785 2106 821 2140 in
831 2106 1105 2152 possessionem
1113 2106 1309 2143 Armeniae
1323 2107 1468 2149 deduxi.

201 2169 262 2216 qui
293 2168 417 2203 tertius
446 2168 629 2214 potentiae
659 2167 794 2213 gradus
820 2167 999 2204 habetur:
1031 2180 1117 2204 nam
1147 2167 1279 2205 Medos
1309 2169 1470 2206 Pacorus

201 2238 284 2267 ante
322 2237 478 2277 ceperat.
534 2230 755 2277 videbarque
793 2237 921 2265 contra
958 2237 1079 2266 vetera
1123 2230 1273 2267 fratrum
1315 2232 1401 2268 odia
1437 2239 1508 2268 et2

200 2293 399 2330 certamina
427 2292 584 2328 familiae
613 2299 757 2328 nostrae
787 2299 938 2340 penates
967 2293 1031 2329 rite
1065 2294 1331 2340 composuisse.
1386 2307 1467 2343 pro-
