1674 2653
117 182 186 207 im).
208 166 274 219 59]
488 170 633 201 LIBER
663 169 760 199 XIV.
819 168 915 199 CAP.
948 170 1028 207 1-5-

79 275 281 317 5adluitur.
338 274 456 309 stabat
502 272 592 307 inter
635 270 724 306 alias
772 270 873 305 navis
915 268 1087 315 ornatior,
1129 273 1317 314 tamquam
1359 264 1394 301 id

116 349 264 385 quoque
295 335 425 372 honori
459 334 583 370 matris
617 333 783 369 daretur:
829 333 965 380 quippe
998 336 1162 367 sueverat
1195 329 1329 365 triremi
1360 334 1395 363 et

76 409 98 436 6
117 399 382 436 classiariorum
409 397 561 444 remigio
590 396 683 432 vehi.
740 408 782 435 ac
809 402 887 431 tum
914 395 1059 430 invitata
1088 394 1133 429 ad
1158 393 1283 440 epulas
1307 397 1393 436 erat,

116 470 155 498 ut
206 461 426 498 occultando
478 460 629 496 facinori
676 471 751 495 nox
804 459 1044 494 adhiberetur.
1101 457 1186 493 satis
1236 456 1395 492 constitit

117 526 277 561 extitisse
324 525 562 572 proditorem,
611 529 646 559 et
692 522 935 570 Agrippinam
983 521 1115 557 auditis
1160 519 1308 563 insidiis,
1347 528 1429 559 an5

78 601 98 630 7
118 589 279 626 crederet
310 588 532 636 ambiguam,
562 587 764 635 gestamine
795 586 903 622 sellae
935 585 1043 621 Baias
1072 590 1291 632 pervectam.
1346 583 1395 618 ibi

118 652 409 688 blandimentum
436 651 635 687 sublevavit
663 657 827 685 metum:
860 649 1012 685 comiter
1031 655 1186 695 excepta
1212 659 1395 696 superque

77 726 100 753 8
118 716 236 763 ipsum
256 715 448 752 collocata.
491 714 563 750 iam
584 714 750 761 pluribus
772 713 1012 757 sermonibus,
1029 711 1142 748 modo
1160 710 1395 747 familiaritate

118 779 261 814 iuvenili
299 778 400 814 Nero
433 784 468 814 et
501 789 625 813 rursus
663 777 851 821 adductus,
886 776 991 828 quasi
1029 775 1122 811 seria
1160 775 1395 818 consociaret,

118 847 235 877 tracto
251 842 286 876 in
303 841 455 887 longum
472 841 656 885 convictu,
677 840 910 888 prosequitur
930 840 1138 882 abeuntem,
1155 838 1263 874 artius
1282 838 1396 874 oculis
1418 854 1454 874 10

118 910 153 940 et
181 907 318 952 pectori
345 905 511 949 haerens,
542 904 615 940 sive
644 903 827 951 explenda
854 903 1098 947 simulatione,
1127 914 1190 938 seu
1219 902 1396 950 periturae

119 970 241 1005 matris
262 981 453 1017 supremus
473 977 642 1017 aspectus
663 970 828 1017 quamvis
849 968 965 1004 ferum
988 968 1151 1004 animum
1172 968 1357 1004 retinebat.

171 1037 207 1069 5.
239 1032 399 1068 Noctem
433 1033 612 1068 sideribus
648 1033 835 1068 inlustrem
868 1039 902 1068 et
936 1032 1079 1079 placido
1113 1032 1204 1067 mari
1237 1032 1397 1080 quietam

80 1103 100 1131 2
119 1097 223 1144 quasi
255 1096 552 1132 convincendum
587 1096 633 1131 ad
663 1096 780 1131 scelus
813 1096 849 1131 di
881 1096 1089 1143 praebuere.
1145 1107 1213 1131 nec
1242 1095 1397 1131 multum

119 1167 195 1196 erat
225 1171 420 1207 progressa
446 1160 557 1203 navis,
589 1160 733 1195 duobus
755 1172 785 1205 ,e
816 1170 968 1194 numero
1003 1158 1232 1194 familiarium
1264 1158 1397 1206 Agrip·
1420 1172 1455 1202 15

120 1224 245 1272 pinam
269 1223 538 1267 comitantibus,
564 1235 609 1258 ex
638 1223 719 1270 quis
746 1222 961 1270 Crepereius
990 1221 1118 1258 Gallus
1147 1221 1244 1257 haud
1273 1222 1399 1269 procul

120 1286 378 1334 gubernaculis
424 1286 600 1331 adstabat,
647 1286 848 1322 Acerronia
893 1297 1004 1333 super
1049 1285 1160 1333 pedes
1205 1285 1398 1321 cubitantis

119 1350 261 1386 reclinis
299 1350 561 1397 paenitentiam
609 1349 671 1384 filii
718 1356 752 1385 et
794 1349 1032 1396 reciperatam
1075 1349 1199 1385 matris
1244 1350 1399 1396 gratiam

119 1426 184 1461 per
221 1413 397 1461 gaudium
439 1414 681 1458 memorabat,
719 1424 804 1449 cum
847 1412 933 1449 dato
973 1413 1079 1460 signo
1121 1425 1224 1449 ruere
1263 1419 1399 1449 tectum

120 1477 190 1514 loci
221 1477 338 1513 multo
370 1477 523 1524 plumbo
560 1489 677 1524 grave,
710 1488 930 1525 pressusque
963 1476 1179 1524 Crepereius
1211 1483 1247 1513 et
1279 1476 1399 1512 statim
1420 1492 1459 1512 20

81 1549 101 1577 3
121 1544 351 1578 exanimatus
385 1548 448 1576 est.
503 1541 709 1588 Agrippina
741 1547 776 1576 et
808 1540 1009 1576 Acerronia
1041 1540 1285 1576 eminentibus
1318 1540 1400 1576 lecti

121 1605 321 1652 parietibus
358 1617 400 1641 ac
439 1605 528 1641 forte
567 1604 814 1648 validioribus,
849 1615 961 1652 quam
998 1610 1036 1639 ut
1073 1604 1176 1639 oneri
1217 1604 1399 1647 cederent,

81 1675 103 1702 4
123 1674 307 1715 protectae
341 1675 435 1704 sunt.
492 1680 560 1704 nec
598 1667 788 1704 dissolutio
823 1667 954 1714 navigii
985 1667 1214 1714 sequebatur,
1251 1667 1401 1704 turbatis

122 1732 294 1768 omnibus
314 1738 350 1768 et
369 1731 469 1779 quod
494 1731 658 1779 plerique
678 1730 793 1779 ignari
813 1731 922 1767 etiam
950 1731 1118 1767 conscios
1141 1731 1401 1779 impediebant.

82 1806 103 1834 5
122 1795 239 1831 visum
270 1795 402 1831 dehinc
433 1795 634 1842 remigibus
668 1806 783 1830 unum
815 1795 852 1829 in
883 1794 976 1830 latus
1007 1795 1182 1831 inclinare
1215 1802 1324 1843 atque
1354 1795 1403 1831 ita
1422 1809 1459 1840 25

123 1870 255 1895 navem
298 1860 554 1906 submergere:
608 1858 671 1894 sed
717 1869 837 1905 neque
880 1858 967 1905 ipsis
1008 1864 1202 1906 promptus
1242 1859 1280 1894 in
1325 1870 1404 1894 rem

124 1922 280 1958 subitam
306 1933 522 1966 consensus,
549 1928 583 1957 et
610 1921 668 1957 alii
696 1928 823 1957 contra
849 1921 1005 1957 nitentes
1035 1921 1168 1957 dedere
1197 1921 1404 1958 facultatem

83 1996 104 2023 6
124 1985 271 2022 lenioris
299 1985 335 2020 in
362 1997 463 2021 mare
491 1985 616 2021 iactus.
673 1996 798 2020 verum
825 1984 1039 2029 Acerronia,
1060 1985 1294 2032 inprudentia
1316 1985 1405 2021 dum

124 2060 162 2085 se
208 2048 452 2096 Agrippinam
498 2060 577 2085 esse
623 2054 734 2095 utque
779 2048 1033 2084 subveniretur
1079 2049 1186 2084 matri
1232 2048 1406 2096 principis

124 2112 294 2156 clamitat,
333 2113 450 2148 contis
488 2118 523 2147 et
556 2112 664 2147 remis
701 2117 736 2147 et
770 2123 863 2159 quae
900 2111 973 2147 fors
1006 2111 1186 2148 obtulerat
1217 2112 1405 2148 navalibus
1425 2124 1464 2154 30

87 2175 203 2214 7telis
249 2175 463 2211 conficitur:
519 2174 726 2222 Agrippina
771 2174 879 2210 silens
924 2186 1043 2223 eoque
1090 2175 1211 2210 minus
1257 2175 1407 2223 adgnita

127 2237 257 2287 (unum
283 2244 407 2273 tamen
433 2237 562 2273 vulnus
589 2249 717 2273 umero
744 2236 901 2285 excepit)
928 2237 1064 2282 nando,
1091 2238 1224 2274 deinde
1251 2251 1406 2275 occursu

127 2301 407 2338 lenunculorum
427 2300 628 2337 Lucrinum
649 2301 686 2336 in
707 2300 830 2336 lacum
849 2307 952 2336 vecta
972 2301 1075 2336 villae
1096 2312 1183 2337 suae
1203 2301 1365 2338 infertur.
