1674 2653
496 143 726 192 coRNELll
758 163 921 192 TACJTJ
945 163 1214 194 ANNALJUM
1263 155 1397 208 [A.U.C.
1420 166 1493 204 815.

268 265 333 299 52.
363 261 469 298 Mors
488 261 593 297 Burri
614 261 758 309 infregit
780 261 943 298 Senecae
963 263 1178 310 potentiam,
1196 263 1281 311 quiri
1303 275 1370 299 nec
1388 263 1492 299 bonis

217 325 353 361 artibus
382 325 479 361 idem
510 325 639 361 virium
669 331 745 361 erat
774 325 889 361 altero
918 326 1015 362 velut
1044 325 1138 362 duce
1167 333 1303 371 amoto,
1329 332 1365 362 et
1391 326 1492 362 Nero

215 387 262 423 ad
285 388 479 425 deteriores
507 388 718 424 inclinabat.
772 387 809 423 hi
832 388 937 424 variis
966 388 1281 425 criminationibus
1311 389 1527 426 Senecam2

217 450 438 496 adoriuntur,
468 457 658 499 tamquam
697 451 864 498 ingentes
892 457 927 486 et
956 451 1136 498 privatum
1165 451 1318 487 modum
1347 458 1492 488 evectas

180 527 196 558 5
216 525 305 561 opes
334 514 454 550 adhuc
484 521 645 561 augeret,
674 513 849 562 quodque
879 514 997 550 studia
1027 514 1160 550 civium
1193 514 1231 550 in
1264 527 1302 551 se
1330 521 1492 560 verteret,

216 576 405 614 hortorum
426 589 574 625 quoque
598 578 819 614 amoenitate
845 584 879 613 et
898 577 1063 613 villarum
1094 578 1368 624 magnificentia
1391 579 1494 627 quasi

215 640 419 689 principem
452 641 790 689 supergrederetur.
846 640 1059 676 obiciebant
1105 641 1215 676 etiam
1263 641 1494 689 eloquentiae
1511 652 1531 680 3

216 703 361 740 laudem
381 704 444 740 uni
464 705 532 740 sibi
551 704 754 741 adsciscere
774 711 808 740 et
829 703 991 740 carmina
1011 704 1171 740 crebrius
1191 704 1364 750 factitare,
1393 712 1494 752 post-

217 778 329 814 quam
366 766 506 803 Neroni
543 779 648 804 amor
686 778 815 803 eorum
852 766 1022 802 venisset.
1088 778 1175 802 nam
1214 767 1494 804 oblectamentis
1510 777 1533 805 4

162 844 199 866 ιο
217 830 390 878 principis
410 831 533 879 palam
560 831 727 879 iniquum
757 830 958 866 detrectare
978 831 1049 865 vim
1077 830 1155 866 eius
1184 842 1301 878 equos
1325 832 1494 878 regentis,

217 893 376 930 inludere
396 906 516 939 voces,
538 894 709 941 quotiens
728 900 887 931 caneret.
943 905 1055 940 quem
1075 893 1121 929 ad
1141 893 1253 930 finem
1280 894 1366 930 nihil
1395 895 1431 930 in
1458 908 1493 931 re
1511 903 1532 931 5

216 957 364 1004 publica
400 957 537 993 clarum
574 957 652 993 fore
690 956 790 1005 quod
828 968 904 992 non
942 957 989 992 ab
1026 956 1088 992 illo
1127 957 1273 1004 reperiri
1296 957 1493 994 credatur?

216 1028 311 1057 certe
344 1021 483 1056 finitam
514 1020 674 1057 Neronis
711 1020 902 1067 pueritiam
933 1026 967 1055 et
995 1021 1105 1055 robur
1139 1020 1306 1056 iuventae
1344 1021 1493 1058 adesse:
1512 1030 1534 1057 6

216 1092 363 1121 exueret
386 1085 612 1131 magistrum,
641 1083 726 1120 satis
755 1083 886 1132 amplis
915 1083 1127 1120 doctoribus
1157 1084 1351 1121 instructus
1379 1085 1494 1121 maio-

162 1161 196 1191 ¹5
218 1149 316 1184 ribus
336 1149 421 1185 suis.

270 1216 334 1249 53.
364 1212 413 1247 At
435 1211 576 1248 Seneca
595 1211 866 1248 criminantium
888 1223 963 1247 non
985 1211 1142 1258 ignarus,
1172 1212 1412 1259 prodentibus
1440 1213 1492 1256 iis,

216 1276 349 1323 quibus
368 1275 489 1323 aliqua
510 1275 647 1311 honesti
670 1287 768 1319 cura,
785 1281 820 1310 et
839 1274 1120 1310 familiaritatem
1137 1275 1214 1310 eius
1235 1276 1353 1322 magis
1368 1288 1492 1323 asper-

216 1345 325 1375 nante
352 1338 521 1383 Caesare,
552 1346 696 1385 tempus
725 1338 887 1373 sermoni
916 1344 994 1374 orat
1024 1345 1058 1374 et
1086 1346 1241 1385 accepto
1270 1339 1318 1374 ita
1347 1339 1492 1386 incipit:

216 1406 223 1419 ‘
241 1408 391 1450 quartus
411 1401 590 1438 decumus
610 1413 728 1437 annus
740 1408 806 1444 est,
823 1400 969 1444 Caesar,
984 1413 1028 1436 ex
1045 1413 1120 1449 quo
1134 1402 1210 1448 spei
1225 1409 1307 1437 tuae
1323 1402 1492 1438 admotus
1510 1413 1530 1440 2

160 1478 198 1500 20
216 1477 309 1509 sum,
338 1471 497 1507 octavus,
518 1472 557 1501 ut
582 1464 779 1512 imperium
799 1465 964 1501 obtines:
1004 1464 1127 1500 medio
1150 1466 1327 1512 temporis
1351 1472 1492 1501 tantum

215 1529 400 1565 honorum
424 1536 534 1576 atque
550 1540 664 1576 opum
684 1528 721 1563 in
742 1539 801 1564 me
818 1528 1023 1573 cumulasti,
1039 1535 1077 1563 ut
1098 1528 1187 1564 nihil
1208 1528 1368 1565 felicitati
1389 1541 1493 1565 meae

216 1593 307 1629 desit
332 1593 401 1628 nisi
428 1592 635 1629 moderatio
661 1592 750 1628 eius.
806 1598 886 1627 utar
911 1592 1056 1638 magnis
1083 1591 1272 1639 exemplis,
1295 1603 1363 1629 nec
1388 1604 1493 1628 meae
1511 1601 1531 1628 3

215 1656 384 1692 fortunae
404 1656 469 1693 sed
486 1663 581 1692 tuae.
637 1656 775 1692 abavus
797 1662 878 1691 tuus
898 1655 1089 1703 Augustus
1110 1655 1163 1692 M.
1177 1656 1365 1703 Agrippae
1382 1655 1492 1702 Myti-

215 1720 366 1756 lenense
385 1727 581 1765 secretum,
598 1719 640 1756 C.
656 1719 866 1756 Maecenati
883 1720 971 1755 urbe
992 1719 1029 1754 in
1049 1719 1129 1766 ipsa
1141 1719 1238 1754 velut
1258 1719 1493 1766 peregrinum

159 1794 196 1825 25
215 1783 330 1820 otium
349 1785 535 1832 permisit;
578 1795 736 1832 quorum
760 1782 849 1819 alter
872 1781 1051 1818 bellorum
1074 1782 1206 1826 socius,
1231 1782 1321 1818 alter
1350 1781 1492 1819 Romae

214 1847 377 1895 pluribus
396 1847 584 1884 laboribus
604 1848 756 1884 iactatus
776 1846 898 1894 ampla
918 1845 1080 1893 quidem,
1102 1845 1165 1881 sed
1188 1857 1256 1893 pro
1282 1846 1492 1892 ingentibus

214 1911 349 1947 meritis
382 1911 547 1958 praemia
575 1916 803 1958 acceperant.
859 1921 930 1956 ego
958 1908 1045 1956 quid
1083 1908 1182 1944 aliud
1219 1909 1531 1945 munificentiae4

214 1979 294 2010 tuae
320 1974 495 2010 adhibere
523 1974 625 2021 potui
650 1985 761 2021 quam
791 1973 920 2017 studia,
950 1978 989 2008 ut
1018 1972 1071 2008 sic
1100 1971 1267 2015 dixerim,
1297 1972 1334 2006 in
1362 1972 1492 2007 umbra

215 2038 380 2082 educata,
403 2043 438 2073 et
463 2038 596 2085 quibus
622 2036 800 2073 claritudo
824 2036 931 2080 venit,
959 2035 1060 2083 quod
1088 2035 1255 2071 iuventae
1282 2041 1365 2071 tuae
1394 2035 1490 2071 rudi-

158 2114 198 2144 30
214 2100 347 2136 mentis
383 2100 543 2137 adfuisse
577 2100 714 2144 videor,
746 2099 885 2146 grande
923 2098 1030 2134 huius
1067 2098 1117 2134 rei
1154 2098 1324 2145 pretium.
1379 2104 1415 2134 at
1452 2105 1529 2134 tu5

214 2164 367 2211 gratiam
389 2164 608 2208 inmensam,
628 2163 862 2198 innumeram
882 2162 1078 2209 pecuniam
1094 2161 1377 2206 circumdedisti,
1397 2161 1490 2197 adeo

213 2233 251 2263 ut
265 2227 480 2275 plerumque
497 2227 589 2262 intra
605 2238 665 2261 me
681 2226 758 2272 ipse
773 2225 917 2261 volvam
932 2236 939 2260 ε
971 2236 1102 2271 egone,
1118 2224 1278 2272 equestri
1294 2230 1328 2259 et
1342 2224 1488 2271 provin-

215 2291 296 2326 ciali
316 2291 398 2327 loco
419 2297 530 2335 ortuS,
550 2289 762 2338 proceribus
781 2288 931 2325 civitatis
950 2287 1200 2323 adnumeror?
1228 2287 1321 2322 inter
1346 2287 1488 2324 nobiles
