1674 2653
114 210 189 235 ΑΛ).
212 195 281 247 65]
476 202 621 232 LIBER
650 202 726 232 XV.
786 203 882 232 CAP.
914 197 1051 242 64-69.

114 305 254 340 ratione
285 303 431 351 gravius
464 304 611 339 auribus
644 303 804 339 Neronis
838 303 1012 339 accidisse
1051 303 1222 347 constitit,
1257 302 1318 350 qui
1356 309 1394 338 ut

114 368 290 404 faciendis
304 367 500 403 sceleribus
512 373 717 414 promptus,
728 367 776 402 ita
790 367 962 403 audiendi
977 379 1070 415 quae
1085 367 1218 404 faceret
1231 366 1393 403 insolens

73 437 201 471 flerat.
256 443 378 479 poena
415 430 515 466 Flavi
553 430 710 466 Veianio
750 429 867 481 Nigro
905 431 1051 467 tribuno
1091 431 1298 466 mandatur.
1365 430 1394 466 is

115 495 285 542 proximo
305 495 341 530 in
361 506 451 541 agro
471 495 640 530 scrobem
661 494 771 531 effodi
792 494 906 538 iussit,
928 506 1042 542 quam
1062 495 1177 530 visam
1203 493 1335 530 Flavus
1354 500 1393 530 ut

115 557 289 594 humilem
321 564 357 594 et
389 565 582 605 angustam
615 558 822 605 increpans,
852 557 1173 594 circumstantibus
1207 557 1390 601 militibus,
1412 571 1429 602 5

75 631 95 660 7
115 625 178 657 ‘ne
198 621 268 658 hoc
289 622 453 670 quidem'
474 621 592 669 inquit
608 625 668 658 ‘ex
690 619 902 669 disciplina.'
949 620 1232 669 admonitusque
1256 621 1393 656 fortiter

73 694 96 721 8
114 686 332 733 protendere
352 685 541 730 cervicem,
566 685 728 721 ‘utinam
743 682 751 696 ’
769 685 816 720 ait
836 687 844 702 ‘
859 691 897 720 tu
917 690 992 720 tam
1013 684 1152 720 fortiter
1180 684 1287 720 ferias
1305 686 1311 720 l
1329 681 1336 695 ’
1357 690 1394 720 et

115 749 173 784 ille
199 748 354 784 multum
377 755 547 793 tremens,
568 760 653 785 cum
677 748 735 783 vix
762 747 907 784 duobus
934 748 1065 784 ictibus
1090 753 1201 795 caput
1226 755 1393 795 amputa-

115 812 233 856 visset,
263 812 450 848 saevitiam
478 812 576 860 apud
606 811 797 848 Neronem
826 812 979 856 iactavit,
1015 811 1250 859 sesquiplaga
1284 812 1393 847 inter-

115 874 249 912 fectum
271 888 291 912 a
311 888 349 911 se
370 875 539 912 dicendo.
1415 888 1454 910 10

167 943 232 975 68.
262 938 479 974 Proximum
521 939 749 975 constantiae
791 939 1005 987 exemplum
1049 939 1230 987 Sulpicius
1276 939 1395 987 Asper

115 1002 280 1038 centurio
308 1003 485 1050 praebuit,
515 1002 746 1050 percontanti
773 1002 926 1047 Neroni,
948 1015 1012 1040 cur
1040 1004 1077 1039 in
1104 1003 1258 1040 caedem
1288 1015 1394 1039 suam

116 1066 408 1113 conspiravisset,
430 1067 583 1102 breviter
602 1067 831 1114 respondens
855 1079 932 1103 non
952 1067 1054 1104 aliter
1075 1073 1128 1104 tot
1148 1067 1296 1114 flagitiis
1316 1068 1395 1104 eius

77 1142 97 1168 2
117 1130 298 1166 subveniri
328 1130 501 1177 potuisse.
556 1135 634 1166 turn
665 1130 798 1166 iussam
825 1142 987 1178 poenam
1017 1131 1136 1167 subiit.
1191 1143 1260 1167 nec
1285 1132 1395 1167 ceteri

115 1192 348 1229 centuriones
377 1192 414 1228 in
442 1192 691 1241 perpetiendis
720 1193 908 1240 suppliciis
934 1194 1224 1242 degeneravere:
1254 1200 1290 1229 at
1319 1206 1393 1231 non
1416 1204 1452 1235 15

116 1255 253 1292 Faenio
286 1255 385 1292 Rufo
416 1268 483 1304 par
511 1256 666 1301 animus,
697 1257 761 1293 sed
790 1257 1073 1294 lamentationes
1102 1269 1187 1294 suas
1216 1258 1326 1294 etiam
1358 1258 1395 1293 in

116 1326 374 1356 testamentum
395 1320 559 1356 contulit.

75 1393 96 1421 3
169 1382 437 1430 Opperiebatur
465 1382 577 1427 Nero,
603 1390 641 1420 ut
661 1383 836 1420 Vestinus
861 1396 1009 1433 quoque
1035 1385 1166 1421 consul
1184 1385 1221 1421 in
1242 1386 1396 1422 crimina

116 1446 326 1490 traheretur,
356 1446 556 1483 violentum
590 1453 625 1482 et
656 1447 841 1483 insensum
870 1454 990 1484 ratus:
1026 1448 1091 1484 sed
1120 1460 1165 1485 ex
1195 1449 1395 1485 coniuratis

116 1509 269 1546 consilia
288 1521 373 1545 cum
393 1509 549 1546 Vestino
569 1522 645 1546 non
675 1511 897 1547 miscuerant
916 1511 1065 1559 quidam
1085 1513 1234 1548 vetustis
1252 1512 1291 1548 in
1310 1524 1394 1549 eum
1415 1523 1454 1544 20

116 1573 370 1617 simultatibus,
400 1573 534 1621 plures,
555 1575 641 1622 quia
667 1575 907 1622 praeeipitem
927 1581 962 1611 et
990 1575 1243 1612 insociabilem
1271 1576 1395 1613 crede-

76 1644 99 1671 4
117 1638 215 1673 bant.
271 1643 433 1673 ceterum
460 1637 601 1674 Neroni
623 1638 749 1674 odium
770 1638 943 1674 adversus
969 1638 1166 1676 Vestinum
1194 1652 1238 1676 ex
1266 1640 1395 1677 intima

116 1699 304 1736 sodalitate
351 1708 534 1748 coeperat,
573 1701 662 1736 dum
705 1701 764 1738 hic
806 1702 989 1749 ignaviam
1031 1703 1206 1752 principis
1247 1704 1394 1752 penitus

116 1763 303 1811 cognitam
328 1763 492 1812 despicit,
523 1764 581 1800 ille
610 1764 785 1801 ferociam
813 1766 921 1801 amici
949 1767 1088 1812 metuit,
1117 1779 1227 1815 saepe
1256 1768 1396 1816 asperis

117 1826 257 1864 facetiis
277 1827 425 1872 inlusus,
455 1840 549 1876 quae
576 1829 637 1864 ubi
665 1829 820 1864 multum
841 1841 886 1865 ex
907 1842 992 1866 vero
1019 1835 1171 1876 traxere,
1193 1842 1312 1867 acrem
1340 1831 1395 1867 sui
1415 1841 1452 1872 25

78 1904 98 1932 5
117 1890 333 1927 memoriam
351 1891 569 1940 relinquunt.
600 1899 805 1928 accesserat
821 1905 951 1940 repens
964 1905 1086 1936 causa,
1101 1894 1203 1942 quod
1219 1893 1395 1931 Vestinus

120 1953 295 1989 Statiliam
319 1954 559 1990 Messalinam
585 1955 820 1991 matrimonio
841 1956 908 1992 sibi
928 1956 1105 2002 iunxerat,
1126 1956 1226 1993 haud
1251 1958 1394 1995 nescius

118 2017 210 2053 inter
229 2017 410 2054 adulteros
433 2018 509 2054 eius
530 2024 565 2054 et
586 2018 783 2055 Caesarem
802 2031 894 2056 esse.

170 2084 232 2117 69.
260 2081 376 2128 Igitur
409 2093 485 2118 non
524 2082 686 2126 crimine,
717 2094 794 2118 non
834 2090 1045 2121 accusatore
1083 2085 1268 2131 existente,
1309 2086 1395 2134 quia

119 2144 279 2192 speciem
311 2144 439 2180 iudicis
469 2144 619 2181 induere
651 2157 727 2181 non
759 2152 913 2193 poterat,
944 2147 990 2183 ad
1021 2148 1093 2183 vim
1131 2148 1395 2186 dominationis
1414 2160 1453 2190 30

119 2218 315 2244 conversus
335 2207 574 2244 Gerellanum
595 2209 783 2245 tribunum
796 2221 880 2245 cum
896 2210 1048 2247 cohorte
1069 2212 1225 2247 militum
1246 2212 1394 2249 inmittit

119 2271 290 2318 iubetque
320 2272 530 2318 praevenire
559 2278 714 2308 conatus
742 2273 914 2317 consulis,
940 2285 1122 2322 occupare
1149 2275 1244 2311 velut
1270 2287 1393 2312 arcem

119 2333 206 2376 eius,
223 2334 431 2381 opprimere
443 2334 626 2371 delectam
638 2335 871 2380 iuventutem,
886 2337 973 2385 quia
984 2337 1158 2375 Vestinus
1172 2338 1394 2376 inminentes
