1674 2653
527 185 756 215 CORNELII
785 186 950 216 TACITI
972 187 1243 217 ANNALIUM
1292 179 1424 232 [A.U.C.
1444 189 1516 228 814.

241 285 404 322 crinibus
441 286 590 322 deiectis
627 286 725 322 faces
763 286 1044 333 praeferebant;
1090 287 1327 336 Druidaeque
1365 288 1516 333 circum,

240 360 367 396 preces
386 349 482 384 diras
508 349 659 384 sublatis
682 348 729 384 ad
757 349 901 385 caelum
926 350 1097 385 manibus
1126 350 1330 394 fundentes,
1357 351 1515 387 novitate

240 418 409 458 aspectus
448 411 636 458 perculere
667 412 831 456 militem,
869 418 908 448 ut
938 413 1043 459 quasi
1077 412 1310 449 haerentibus
1341 414 1518 449 membris

241 474 415 510 inmobile
435 486 568 522 corpus
584 475 794 511 vulneribus
815 476 1044 522 praeberent.
1103 476 1186 511 dein
1203 476 1517 513 cohortationibus
1535 482 1555 510 2

205 547 222 578 5
241 538 346 573 ducis
366 543 401 573 et
422 550 459 573 se
479 538 547 585 ipsi
574 538 813 583 stimulantes,
835 550 882 574 ne
905 539 1082 575 muliebre
1103 546 1138 574 et
1158 531 1357 576 fanaticum
1383 551 1518 587 agmen

240 608 486 648 pavescerent,
516 600 674 637 inferunt
703 601 808 648 signa
842 607 1081 649 sternuntque
1115 602 1244 638 obvios
1279 609 1313 639 et
1344 603 1421 650 igni
1451 614 1518 638 suo

241 663 440 700 involvunt.
506 664 727 712 praesidium
767 665 920 712 posthac
959 666 1156 712 inpositum
1194 666 1297 702 victis
1333 666 1556 714 excisique3

241 727 311 763 luci
333 728 447 765 saevis
463 728 784 775 superstitionibus
804 729 896 764 sacri
913 740 921 764 :
951 740 1039 764 nam
1059 740 1190 765 cruore
1205 730 1352 776 captivo
1373 729 1519 765 adolere

241 801 322 826 aras
351 797 386 826 et
415 790 608 826 hominum
635 791 735 827 fibris
758 791 948 827 consulere
976 792 1065 828 deos
1093 791 1147 828 fas
1176 791 1372 828 habebant.
1428 791 1519 828 haec

188 869 225 890 10
243 855 366 901 agenti
390 854 568 890 Suetonio
589 855 781 902 repentina
801 854 958 891 defectio
978 855 1187 902 provinciae
1207 856 1406 891 nuntiatur.

294 921 350 953 31.
381 916 462 953 Rex
503 918 699 954 Icenorum
739 917 974 965 Prasutagus,
1013 918 1125 965 longa
1161 919 1349 966 opulentia
1389 919 1520 964 clarus,

243 979 441 1015 Caesarem
478 979 652 1016 heredem
685 981 851 1028 duasque
885 981 977 1016 filias
1011 981 1215 1028 scripserat,
1247 981 1308 1017 tali
1341 982 1520 1029 obsequio

242 1049 339 1078 ratus
360 1054 589 1090 regnumque
609 1050 644 1079 et
670 1043 823 1080 domum
844 1055 949 1080 suam
970 1044 1097 1091 procul
1121 1045 1252 1081 iniuria
1275 1044 1362 1081 fore.
1417 1045 1519 1093 quod
1536 1050 1556 1078 2

242 1113 370 1142 contra
403 1107 515 1151 vertit,
551 1107 644 1143 adeo
672 1113 712 1142 ut
740 1119 897 1154 regnum
927 1119 990 1155 per
1020 1108 1262 1152 centuriones,
1292 1108 1424 1144 domus
1457 1120 1521 1155 per

186 1183 222 1213 15
243 1181 367 1205 servos
404 1170 501 1206 velut
542 1178 648 1217 capta
691 1176 930 1206 vastarentur.
1002 1171 1074 1206 iam
1117 1171 1276 1218 primum
1314 1182 1408 1207 uxor
1445 1172 1558 1207 eiuss

242 1231 430 1269 Boudicca
464 1233 673 1269 verberibus
707 1233 850 1269 adfecta
883 1240 919 1269 et
953 1233 1045 1269 filiae
1075 1241 1202 1281 stupro
1230 1234 1385 1270 violatae
1415 1240 1520 1271 sunt:

242 1295 431 1343 praecipui
461 1297 595 1343 quique
616 1296 826 1341 Icenorum,
849 1296 954 1344 quasi
978 1303 1150 1333 cunctam
1170 1297 1359 1345 regionem
1378 1297 1520 1333 muneri

242 1359 480 1405 accepissent,
509 1359 611 1395 avitis
640 1360 748 1395 bonis
776 1366 968 1404 exuuntur,
1001 1366 1036 1395 et
1069 1360 1265 1408 propinqui
1296 1360 1393 1408 regis
1427 1360 1520 1396 inter

241 1422 427 1469 mancipia
454 1422 695 1458 habebantur.
745 1435 818 1470 qua
850 1423 1075 1459 contumelia
1107 1430 1142 1459 et
1171 1430 1270 1459 metu
1300 1423 1518 1471 graviorum,
1537 1432 1561 1460 4

185 1502 224 1524 κο
241 1485 390 1532 quando
403 1485 440 1520 in
453 1485 610 1521 sormam
620 1485 828 1533 provinciae
841 1486 1188 1534 cesserant‚rapiunt
1202 1498 1313 1530 arma,
1323 1487 1520 1523 commotis

241 1546 288 1582 ad
318 1547 596 1584 rebellationem
625 1547 915 1584 Trinovantibus
941 1554 976 1584 et
1004 1548 1067 1596 qui
1091 1548 1149 1584 alii
1176 1548 1343 1584 nondum
1372 1549 1519 1585 servitio

240 1609 343 1646 fracti
361 1622 545 1647 resumere
566 1611 769 1647 libertatem
784 1611 938 1647 occultis
957 1611 1271 1647 coniurationibus
1291 1612 1516 1660 pepigerant,

240 1673 417 1709 acerrimo
438 1675 475 1709 in
496 1680 686 1710 veteranos
713 1674 810 1710 odio.
868 1675 1004 1722 quippe
1031 1674 1276 1711 in..coloniam
1298 1674 1519 1712 Camulodu-
1536 1683 1558 1712 5

240 1748 329 1772 num
362 1749 489 1773 recens
522 1736 668 1773 deducti
699 1737 887 1785 pellebant
917 1737 1099 1781 domibus,
1131 1738 1375 1774 exturbabant
1408 1738 1516 1785 agris,

186 1817 223 1848 ²5
243 1800 414 1847 captivos,
449 1811 571 1836 servos
604 1801 840 1848 appellando,
871 1800 1078 1837 foventibus
1110 1801 1351 1848 inpotentiam
1382 1808 1519 1837 vetera-

241 1874 373 1898 norum
401 1863 573 1899 militibus
602 1862 839 1899 similitudine
869 1864 961 1898 vitae
992 1869 1026 1899 et
1055 1875 1119 1911 spe
1148 1863 1313 1900 eiusdem
1342 1864 1518 1900 licentiae.

241 1925 289 1961 ad
308 1925 379 1961 hoc
399 1925 576 1973 templum
605 1926 689 1962 divo
710 1925 865 1962 Claudio
887 1926 1121 1963 constitutum
1144 1927 1248 1974 quasi
1267 1938 1331 1962 arx
1352 1934 1519 1963 aeternae
1537 1935 1559 1963 6

242 1988 504 2025 dominationis
534 1990 789 2036 aspiciebatur,
821 1989 1023 2036 delectique
1061 1989 1269 2025 sacerdotes
1307 1991 1425 2037 specie
1463 2002 1519 2026 re-

242 2050 388 2098 ligionis
414 2052 533 2087 omnis
560 2052 725 2088 fortunas
752 2051 1001 2088 effundebant.
1057 2063 1125 2087 nec
1146 2051 1303 2088 arduum
1331 2052 1556 2092 videbatur7

186 2130 226 2160 30
243 2114 439 2150 excindere
454 2115 638 2151 coloniam
653 2115 760 2150 nullis
776 2115 1015 2151 munimentis
1031 2121 1194 2162 saeptam
1212 2127 1221 2160 ;
1251 2116 1351 2162 quod
1365 2115 1519 2152 ducibus

244 2177 378 2212 nostris
399 2189 526 2224 parurn
547 2178 734 2224 provisum
753 2184 840 2222 erat,
854 2177 941 2213 dum
962 2178 1174 2213 amoenitati
1193 2179 1293 2226 prius
1309 2190 1420 2226 quam
1438 2179 1519 2215 usui

243 2240 457 2276 consulitur.

295 2306 357 2339 32.
389 2303 489 2340 Inter
514 2315 608 2351 quae
638 2304 738 2340 nulla
765 2304 888 2352 palam
912 2316 1023 2340 causa
1050 2304 1243 2351 delapsum
1270 2304 1518 2341 Camuloduni
