1674 2653
520 187 751 218 CORNELII
780 187 944 217 TACJTJ
968 187 1236 217 ANNALJUM
1288 178 1421 230 [AM-C.
1441 186 1513 218 816.

244 300 317 335 que
348 288 529 336 obsequio
558 289 736 323 videretur
764 287 947 332 referrent,
979 288 1280 335 trepidabantque
1310 293 1437 334 gentes
1471 285 1515 322 de

244 351 495 387 aestimatione
525 351 776 399 singulorum;
807 358 842 387 at
862 363 960 387 nunc
987 351 1141 387 colimus
1168 357 1339 386 externos
1365 357 1399 386 et
1426 349 1514 384 adu·
1532 357 1552 383 2

244 415 371 458 lamur,
393 421 428 450 et
448 427 522 462 quo
546 415 659 450 modo
686 414 732 450 ad
759 421 886 450 nutum
908 415 1057 450 alicuius
1083 420 1214 461 grates,
1236 414 1284 449 ita
1313 413 1516 460 promptius

244 477 427 513 accusatio
447 477 667 513 decernitur.
714 478 1002 525 decernaturque
1023 484 1058 513 et
1074 484 1219 512 maneat
1236 476 1516 524 proxincialibus
1534 483 1553 510 3

208 541 446 592 5potentiam
480 552 584 576 suam
621 541 681 576 tali
714 541 827 576 modo
866 540 1098 576 ostentandi:
1149 540 1212 576 sed
1251 540 1329 575 laus
1363 539 1452 574 falsa
1483 546 1518 574 et

244 605 412 652 precibus
444 616 617 651 expressa
654 604 804 651 perinde
837 604 1051 639 cohibeatur
1083 615 1194 650 quam
1229 603 1373 646 malitia,
1404 614 1516 649 quam

245 667 450 704 crudelitas.
507 667 608 714 plura
643 679 753 714 saepe
786 674 987 714 peccantur
1019 667 1107 702 dum
1141 666 1371 702 demeremur
1404 670 1556 712 quam4

245 731 333 767 dum
353 730 586 767 offendimus.
641 730 823 778 quaedam
840 731 954 765 immo
968 730 1115 765 virtutes
1131 730 1218 765 odio
1235 736 1331 771 sunt,
1348 729 1517 764 severitas

244 794 439 837 obstinata,
478 794 632 829 invictus
670 793 863 829 adversum
902 794 1057 840 gratiam
1095 794 1248 829 animus.
1303 792 1388 828 inde
1418 792 1555 827 initia5

191 874 228 896 10
245 858 525 905 magistratuum
546 863 754 892 nostrorum
775 857 926 892 meliora
946 856 1059 892 ferme
1086 864 1129 892 et·
1147 856 1228 891 finis
1248 855 1409 900 inclinat,
1429 855 1517 891 dum

245 921 282 956 in
320 920 472 956 modum
510 919 790 956 candidatorum
828 919 1002 966 suffragia
1040 919 1313 967 conquirimus;
1355 930 1449 967 quae
1490 918 1518 953 si

245 989 448 1027 arceantur,
470 983 696 1030 aequabilius
716 989 825 1030 atque
850 983 1077 1018 constantius
1102 982 1309 1029 provinciae
1339 988 1520 1028 regentur.

247 1058 333 1082 narn
364 1052 402 1082 ut
431 1052 532 1081 metu
568 1046 854 1093 repetundarum
883 1045 1035 1081 infracta
1064 1045 1210 1081 avaritia
1239 1051 1303 1088 est,
1334 1045 1382 1080 ita
1413 1044 1520 1080 vetita
1538 1051 1559 1078 6

246 1110 442 1157 gratiarum
463 1110 606 1146 actione
627 1110 779 1145 ambitio
800 1106 1050 1145 cohibebitur!

192 1189 227 1219 15
299 1177 362 1209 22.
394 1172 537 1219 Magno
556 1173 714 1209 adsensu
732 1172 915 1209 celebrata
931 1173 1121 1215 sententia,
1136 1184 1211 1208 non
1232 1178 1357 1209 tamen
1373 1178 1520 1208 senatus

246 1236 456 1273 consultum
490 1236 616 1283 perfici
649 1236 778 1283 potuit,
813 1237 1061 1271 abnuentibus
1090 1236 1303 1271 consulibus
1333 1248 1375 1271 ea
1404 1235 1448 1270 de
1483 1247 1519 1270 re

247 1299 409 1335 relatum.
465 1311 553 1335 mox
588 1307 738 1335 auctore
776 1299 939 1347 principe
971 1310 1135 1343 sanxere,
1168 1311 1212 1334 ne
1246 1300 1326 1346 quis
1355 1298 1401 1334 ad
1431 1307 1558 1334 con-2

246 1363 369 1399 cilium
396 1362 583 1398 sociorum
611 1362 761 1398 referret
789 1362 952 1409 agendas
991 1362 1089 1409 apud
1127 1369 1295 1397 senatum
1325 1373 1391 1409 pro
1421 1374 1522 1409 prae-

247 1426 385 1461 toribus
431 1437 544 1472 prove
591 1426 805 1462 consulibus
851 1431 982 1472 grates,
1023 1436 1094 1460 neu
1137 1426 1217 1472 quis
1256 1437 1299 1460 ea
1341 1425 1522 1471 legatione

193 1505 230 1528 20
248 1488 468 1535 fungeretur.

302 1552 425 1588 Isdem
457 1552 669 1588 consulibus
704 1552 938 1599 gymnasium
973 1552 1045 1587 ictu
1084 1551 1243 1587 fulminis
1274 1551 1559 1598 conflagravit,3

248 1615 460 1662 effigiesque
479 1615 517 1650 in
537 1627 581 1651 eo
602 1615 761 1650 Neronis
780 1615 827 1651 ad
847 1615 1004 1651 informe
1026 1627 1087 1650 aes
1107 1614 1310 1662 liquefacta.
1367 1621 1400 1650 et
1420 1621 1522 1650 motu
1539 1623 1561 1649 4

248 1685 364 1714 terrae
384 1678 526 1714 celebre
547 1677 774 1725 Campaniae
804 1678 984 1726 oppidum
1013 1678 1166 1725 Pompei
1191 1690 1328 1725 magna
1353 1690 1397 1713 ex
1423 1684 1523 1725 parte

248 1739 398 1786 proruit.
454 1738 698 1786 defunctaque
726 1739 828 1785 virgo
852 1738 1010 1775 Vestalis
1042 1737 1176 1782 Laelia,
1206 1739 1242 1773 in
1271 1738 1375 1774 cuius
1400 1738 1522 1774 locum

194 1819 230 1850 25
250 1801 421 1837 Cornelia
442 1814 486 1837 ex
507 1801 642 1837 familia
662 1801 864 1838 Cossorum
886 1809 993 1848 capta
1013 1808 1076 1837 est.

301 1869 363 1901 23.
394 1864 574 1900 Memmio
600 1864 745 1911 Regulo
772 1871 805 1900 et
831 1864 1009 1911 Verginio
1031 1863 1129 1900 Rufo
1157 1864 1370 1900 consulibus
1399 1870 1522 1900 natam

249 1928 316 1964 sibi
343 1940 387 1963 ex
413 1927 587 1975 Poppaea
614 1927 722 1963 filiam
755 1927 856 1963 Nero
882 1928 974 1963 ultra
1002 1927 1155 1963 mortale
1180 1927 1354 1973 gaudium
1384 1927 1523 1975 accepit

249 1990 517 2038 appellavitque
531 1990 750 2037 Augustam,
760 1990 845 2026 dato
858 1997 893 2026 et
907 1989 1103 2038 Poppaeae
1117 1990 1249 2026 eodem
1263 1997 1522 2036 cognomento.

249 2053 353 2089 locus
373 2054 566 2100 puerperio
586 2053 732 2089 colonia
751 2053 905 2088 Antium
933 2053 1008 2096 fuit,
1035 2053 1099 2088 ubi
1120 2053 1197 2100 ipse
1217 2060 1412 2100 generatus
1435 2060 1521 2089 erat.
1540 2061 1560 2089 2

193 2133 232 2162 30
250 2117 323 2152 iam
353 2123 501 2152 senatus
529 2123 670 2152 uterum
704 2116 901 2163 Poppaeae
931 2115 1255 2155 commendaverat
1284 2115 1338 2152 dis
1366 2123 1522 2163 votaque

250 2179 395 2226 publice
417 2185 638 2226 susceperat,
655 2190 748 2226 quae
764 2179 1003 2226 multiplicata
1017 2178 1268 2226 exsolutaque.
1324 2185 1358 2214 et
1378 2178 1522 2215 additae
1539 2187 1560 2214 3

250 2242 534 2288 supplicationes
583 2241 833 2289 templumque
886 2241 1115 2276 Fecunditati
1162 2248 1197 2276 et
1243 2247 1430 2276 certamen
1475 2241 1522 2276 ad

250 2304 438 2351 exemplar
474 2304 649 2340 Actiacae
681 2304 867 2351 religionis
899 2303 1098 2347 decretum,
1131 2310 1242 2350 utque
1276 2303 1521 2339 Fortunarum
