1674 2653
137 197 214 221 Aa).
236 181 307 234 63.]
497 188 642 218 LIBER
671 188 748 218 XV.
808 187 902 218 CAP.
939 191 1075 228 21-25.

137 290 273 338 effigies
293 302 424 326 aureae
450 289 486 324 in
516 288 608 324 solio
637 287 835 335 Capitolini
864 288 962 324 Iovis
991 288 1208 330 locarentur,
1233 286 1412 323 ludicrum

138 353 310 397 circense,
339 360 378 388 ut
409 352 522 388 Iuliae
547 351 647 399 genti
674 351 773 398 apud
801 351 971 393 Bovillas,
1002 352 1049 386 ita
1077 351 1254 387 Claudiae
1282 350 1413 386 Domi-

97 425 120 452 4
138 417 281 464 tiaeque
310 416 408 464 apud
435 416 589 451 Antium
617 415 797 451 ederetur.
853 427 948 463 quae
976 414 1074 450 fluxa
1102 414 1209 457 fuere,
1240 420 1413 462 quartum

137 480 230 516 intra
245 491 409 515 mensem
425 478 596 514 defuncta
609 478 756 514 infante.
813 489 1008 526 rursusque
1022 485 1172 514 exortae
1187 477 1415 513 adulationes

138 543 367 579 censentium
400 542 580 578 honorem
618 541 721 577 divae
751 547 786 577 et
814 541 980 588 pulvinar
1005 541 1209 589 aedemque
1235 547 1270 576 et
1295 552 1414 577 sacer-
1433 552 1452 583 5

97 615 118 642 5
137 606 273 642 dotem.
329 612 439 653 atque
465 606 541 652 ipse
562 612 600 640 ut
628 605 794 649 laetitiae,
824 606 872 640 ita
897 605 1075 640 maeroris
1100 604 1307 640 inmodicus
1331 604 1414 651 egit.

137 669 354 705 adnotatum
384 676 446 712 est,
480 668 582 703 omni
615 674 743 704 senatu
775 668 927 704 Antium
958 669 1026 703 sub
1056 675 1240 703 recentem
1270 673 1414 714 partum

137 732 266 776 effuso,
304 731 510 767 Thraseam
549 730 774 778 prohibitum
811 731 954 766 inmoto
993 731 1119 766 animo
1160 730 1416 778 praenuntiam

97 804 119 831 6
139 796 350 831 inminentis
379 795 502 831 caedis
535 795 798 831 contumeliam
828 794 1029 841 excepisse.
1087 800 1250 829 secutam
1282 792 1415 829 dehinc

138 870 267 894 vocem
289 858 454 895 Caesaris
481 857 609 902 serunt,
640 870 714 905 qua
739 858 1014 894 reconciliatum
1035 868 1074 893 se
1100 856 1291 893 Thraseae
1317 855 1415 903 apud
1437 867 1477 889 10

140 922 320 958 Senecam
349 922 541 967 iactaverit,
573 933 615 958 ac
647 922 825 958 Senecam
863 921 1011 958 Caesari
1042 919 1288 968 gratulatuni;
1317 919 1416 956 unde

138 985 251 1032 gloria
271 986 429 1032 egregiis
450 985 532 1020 viris
552 991 587 1021 et
612 985 773 1032 pericula
793 985 1007 1032 gliscebant.

190 1052 254 1084 24.
285 1048 385 1083 Inter
414 1060 507 1096 quae
532 1049 622 1084 veris
649 1048 830 1096 principio
856 1048 966 1095 legati
992 1047 1210 1084 Parthorum
1241 1047 1416 1083 mandata

138 1112 233 1158 regis
262 1110 458 1158 Vologesis
490 1112 697 1159 litterasque
728 1111 765 1147 in
795 1112 952 1147 eandem
981 1111 1139 1148 formam
1171 1110 1341 1148 attulere:
1378 1123 1416 1146 se

140 1175 260 1221 priora
299 1180 333 1210 et
367 1174 502 1210 totiens
540 1175 673 1210 iactata
715 1186 825 1222 super
861 1174 1064 1222 optinenda
1101 1174 1279 1210 Armenia
1317 1185 1416 1209 nunc
1439 1185 1473 1216 15

138 1238 315 1281 omittere,
338 1237 514 1285 quoniam
535 1238 581 1281 di,
609 1238 778 1284 quamvis
801 1238 1008 1285 potentium
1035 1237 1258 1285 populorum
1283 1237 1416 1280 arbitri,

137 1301 411 1347 possessionem
428 1300 570 1336 Parthis
585 1313 659 1337 non
676 1301 753 1336 sine
767 1301 970 1348 ignominia
985 1300 1158 1337 Romana
1171 1300 1416 1337 tradidissent.

100 1374 254 1411 2nuper
285 1364 450 1399 clausum
484 1363 697 1412 Tigranem
741 1370 826 1412 post
860 1364 1011 1400 Paetum
1046 1364 1295 1412 legionesque,
1328 1375 1416 1399 curn

139 1427 344 1474 opprimere
387 1433 522 1474 posset,
563 1427 765 1464 incolumes
803 1428 993 1463 dimisisse.
1049 1427 1135 1463 satis
1172 1427 1416 1474 adprobatam

101 1500 121 1527 3
141 1491 236 1533 vim3
284 1489 411 1525 datum
445 1496 479 1525 et
513 1490 670 1526 lenitatis
701 1491 1006 1538 experimentum.
1063 1502 1131 1526 nec
1164 1498 1416 1526 recusaturum
1438 1501 1476 1522 20

141 1552 335 1588 Tiridaten
361 1553 577 1600 accipiendo
606 1553 802 1589 diademati
830 1554 867 1588 in
896 1554 1026 1589 urbem
1054 1553 1184 1598 venire,
1206 1553 1274 1589 nisi
1300 1565 1416 1589 sacer-

141 1616 231 1652 dotii
276 1616 451 1663 religione
498 1616 719 1652 attineretur.
775 1616 909 1652 iturum
955 1616 1001 1652 ad
1048 1617 1153 1664 signa
1199 1622 1234 1652 et
1280 1616 1417 1663 effigies

140 1679 325 1726 principis,
358 1679 420 1714 ubi
449 1679 658 1726 legionibus
687 1691 814 1716 coram
844 1691 999 1727 regnum
1029 1681 1292 1727 auspicaretur.

193 1746 258 1778 25.
287 1741 441 1778 Talibus
456 1741 654 1789 Vologesis
674 1742 809 1787 litteris,
827 1742 910 1790 quia
928 1742 1058 1779 Paetus
1074 1743 1213 1779 diversa
1229 1750 1416 1791 tamquam

142 1806 250 1841 rebus
266 1805 415 1852 integris
431 1805 625 1848 scribebat,
646 1805 891 1852 interrogatus
912 1807 1089 1846 centurio,
1106 1806 1168 1853 qui
1188 1818 1273 1842 cum
1288 1806 1417 1854 legatis
1438 1816 1473 1847 25

141 1868 346 1912 advenerat,
367 1880 442 1916 quo
462 1869 499 1903 in
520 1876 614 1905 statu
633 1867 815 1905 Armenia
835 1876 940 1914 esset,
962 1881 1094 1906 omnes
1118 1869 1202 1906 inde
1224 1869 1417 1905 Romanos

104 1932 342 1967 2excessisse
376 1931 574 1978 respondit.
629 1939 707 1967 tum
745 1932 931 1968 intellecto
970 1933 1168 1969 barbarum
1201 1933 1325 1976 inrisu,
1355 1932 1418 1980 qui

142 2000 306 2041 peterent
338 1994 439 2041 quod
466 1995 687 2042 eripuerant,
720 1995 902 2031 consuluit
929 1996 1023 2031 inter
1054 1996 1234 2043 primores
1265 1996 1417 2032 civitatis

144 2055 256 2100 Nero,
303 2057 440 2092 bellum
485 2068 624 2104 anceps
670 2069 719 2093 an
761 2069 833 2104 pax
877 2058 1072 2094 inhonesta
1118 2058 1288 2106 placeret.
1349 2070 1417 2093 nec

105 2124 124 2152 3
145 2119 350 2155 dubitatum
370 2119 414 2155 de
443 2120 549 2156 bello.
604 2126 640 2155 et
666 2120 830 2157 Corbulo
857 2121 1012 2156 militum
1041 2128 1151 2169 atque
1177 2121 1340 2157 hostium
1365 2127 1417 2157 tot
1437 2130 1476 2160 30

143 2193 208 2228 per
237 2193 355 2218 annos
383 2194 518 2229 gnarus
546 2183 728 2229 gerendae
752 2183 803 2219 rei
829 2183 1045 2230 praeficitur,
1072 2195 1119 2219 ne
1145 2184 1248 2219 cuius
1274 2184 1417 2220 alterius

103 2245 126 2272 4
143 2241 284 2277 inscitia
310 2253 454 2277 rursum
480 2250 701 2289 peccaretur,
723 2243 808 2290 quia
831 2243 932 2279 Paeti
958 2244 1136 2291 piguerat.
1191 2245 1298 2290 igitur
1323 2245 1416 2280 inriti

145 2304 386 2349 remittuntur,
408 2316 494 2341 cum
522 2305 629 2341 donis
658 2312 793 2350 tamen,
821 2305 919 2342 unde
946 2318 1029 2354 spes
1055 2307 1154 2343 fieret
1182 2319 1258 2343 non
1287 2307 1418 2344 frustra
