1776 2653
557 184 785 215 CORNELII
814 185 870 215 7⁷4
878 185 979 215 CITI
1002 185 1271 216 ANNALJUM
1320 177 1371 230 [A.
1380 191 1414 242 U.
1422 191 1453 216 c.
1474 186 1546 226 809.

1541 237 1560 261 l,
1581 249 1611 264 ,w

277 281 377 322 daret
426 283 729 330 experimentum,
782 295 830 319 an
878 285 1012 321 amotiS
1063 284 1308 321 custodibus
1309 259 1544 328 modesuam

276 346 453 382 retineret.
508 347 634 381 urbem
661 347 827 394 princeps
848 346 1006 383 lustraxit
1031 360 1075 383 ex
1102 359 1278 395 lesponso
1298 332 1466 396 liaiuspic
1469 359 1544 387 um
1562 354 1583 381 2

277 408 376 455 quod
397 409 493 444 Iovis
514 421 555 444 ac
576 409 764 445 Minervae
786 410 893 446 aedes
912 410 957 446 de
981 410 1084 447 caelo
1104 417 1161 447 tac
1180 422 1222 446 ae
1243 399 1558 481 erlangw

329 476 394 508 25.
424 471 470 516 Q.
492 471 644 508 Volusio
668 473 706 509 P.
732 472 903 520 Scipione
932 417 1379 524 consulibusiffltffii
1383 486 1410 518 s,
1439 473 1545 510 foeda

238 549 255 580 5
276 535 376 572 domi
393 534 550 596 lQia,
570 547 643 582 qua
663 534 763 572 Nero
790 537 915 573 itinera
940 537 1038 572 urbis
1062 543 1097 573 et
1120 536 1310 584 lupanaria
1335 543 1369 587 et
1393 537 1544 587 deverti-

275 598 355 634 cula
370 606 467 634 veste
483 599 598 635 servili
614 599 649 634 in
667 599 991 636 dissimulationem
1008 600 1061 636 sui
1078 600 1305 647 compositus
1321 600 1542 649 pererrabat,

273 661 531 698 comitantibus
550 663 611 710 qui
631 670 798 710 raperent
812 663 1010 699 venditioni
1025 663 1192 710 exposita
1210 669 1246 699 et
1266 650 1544 699 obviisvulnera

273 724 465 770 inferrent
481 725 653 762 adversus
690 726 836 772 ignaros
865 726 968 770 adeo,
1000 733 1038 762 ut
1070 727 1147 773 ipse
1175 738 1322 774 quoque
1359 726 1542 773 exciperet

272 788 364 824 ictus
381 752 567 824 “et‘ssrre(
578 788 784 836 praefer.ret
840 788 971 825 deinde
1018 789 1079 824 ubi
1122 788 1319 825 Caesaicm
1360 801 1440 824 esse
1479 789 1580 836 qui2

208 826 494 948 (fgrassaretur
521 852 704 899 pernotuit
736 853 1036 900 augebanturque
1069 852 1218 888 iniuriae
1249 852 1421 887 adversus
1447 853 1542 887 vitos

271 914 498 962 feminasque
524 926 697 962 msignes,
724 921 758 951 et
786 916 936 963 quidam
962 915 1139 967 permissa
1163 914 1278 963 semel
1304 915 1448 951 licentia
1475 915 1542 950 sub

270 978 419 1013 nomine
439 976 597 1013 Neronis
621 977 722 1013 inulti
743 978 898 1025 propriis
919 989 1002 1013 cum
1019 954 1155 1031 gobis
1163 970 1292 1013 eadem
1312 978 1539 1021 exercebant,

223 1050 250 1104 Ι]
269 1040 306 1075 in
334 1040 486 1075 modum
516 1040 728 1087 captivitatis
757 1052 832 1076 nox
870 1041 1071 1088 agebatur3
1113 1032 1301 1088 Puliusque
1340 1040 1541 1076 Montanus

270 1103 439 1166 senatorii
483 1103 630 1148 ordinis,
669 1103 733 1139 sed
777 1103 839 1151 qui
876 1103 1043 1139 nondum
1090 1103 1269 1139 honorem
1314 1103 1540 1150 capessisse-t,

213 1177 249 1209 15
269 1160 488 1229 colig‘iss'essus
513 1165 602 1203 forte
631 1179 695 1214 per
719 1167 887 1203 tenebras
914 1179 998 1202 cum
1024 1166 1200 1214 principe,
1222 1167 1308 1214 quia
1328 1167 1360 1201 vi
1385 1173 1539 1213 attemp-

269 1236 406 1265 tantem
435 1231 562 1266 acriter
590 1229 806 1277 reppulerat,
836 1229 969 1265 deinde
1006 1229 1196 1276 adgnitum
1229 1236 1404 1273 oraverat,
1433 1229 1539 1277 quasi

266 1293 533 1340 exprobrasset,
556 1293 648 1328 mori
676 1293 826 1328 adactus
856 1299 918 1328 est.
974 1291 1074 1328 Nero
1102 1298 1225 1328 tamen
1254 1292 1472 1328 metuentior
1500 1292 1537 1327 in
1554 1298 1574 1325 3

266 1362 450 1403 posterum
479 1357 607 1392 milites
637 1356 703 1392 sibi
732 1361 768 1392 et
806 1355 1000 1403 plerosque
1028 1354 1249 1402 gladiatores
1286 1354 1537 1397 circumdedit,

265 1420 326 1467 qui
347 1420 505 1455 rixarum
522 1420 620 1455 initia
640 1420 786 1456 modica
802 1425 837 1455 et
851 1419 954 1466 quasi
974 1418 1112 1466 privata
1132 1419 1313 1455 sinerent:
1343 1418 1372 1454 si
1392 1430 1413 1454 a
1432 1418 1539 1454 laesis

209 1476 247 1521 io
265 1482 413 1518 validius
428 1489 605 1531 ageretur,
623 1495 724 1519 arma
740 1482 953 1518 inferebant.
996 1481 1173 1517 ludicram
1190 1493 1337 1529 quoque
1354 1481 1536 1517 licentiam
1555 1486 1578 1513 4

263 1552 298 1581 et
317 1545 476 1582 fautores
497 1546 715 1582 histrionum
735 1545 832 1581 velut
851 1546 887 1580 in
909 1545 1046 1593 proelia
1065 1544 1244 1581 convertit
1274 1544 1474 1591 inpunitate
1502 1550 1537 1580 et

262 1592 430 1657 praeffiiFs
450 1616 559 1657 atque
579 1609 656 1657 ipse
672 1609 837 1645 occultus
854 1614 888 1644 et
907 1607 1121 1655 plerumque
1138 1618 1264 1643 coram
1284 1615 1534 1654 prospectans,

262 1672 379 1709 donec
408 1672 568 1709 discordi
595 1672 735 1720 populo
762 1678 797 1709 et
825 1670 1000 1720 gravioris
1028 1676 1149 1706 motus
1177 1676 1313 1705 terrore
1337 1681 1414 1705 non
1439 1668 1536 1704 aliud

262 1736 463 1772 remedium
490 1742 673 1783 repertum
694 1741 757 1779 est,
779 1746 891 1782 quam
910 1740 948 1770 ut
975 1733 1168 1769 histriones
1191 1732 1292 1768 Italia
1321 1731 1536 1780 pellerentur

206 1813 241 1844 25
262 1799 438 1846 milesque
459 1798 600 1835 theatro
620 1810 764 1834 rursum
784 1797 977 1834 adsideret.

313 1866 377 1898 26.
407 1862 477 1897 Per
496 1862 593 1897 idem
620 1869 763 1908 tempus
787 1867 910 1896 actum
937 1861 973 1895 in
1000 1867 1127 1896 senatu
1148 1859 1192 1896 de
1218 1859 1405 1907 erlibus
1428 1858 1534 1897 liber-

260 1931 391 1970 torum,
412 1925 722 1972 efflagitatumque
749 1930 786 1959 ut
811 1923 985 1960 adversus
1011 1923 1105 1958 male
1132 1924 1279 1958 meritos
1305 1922 1534 1958 revocandae

260 1988 434 2024 libertatis
463 1989 517 2023 ius
546 1987 709 2042 patronis
738 1987 896 2022 daretur.
951 1998 1018 2021 nec
1048 1986 1198 2022 deerant
1236 1985 1298 2032 qui
1331 1991 1532 2028 censerent,
1551 1990 1572 2017 2

260 2051 325 2087 sed
353 2051 523 2087 consules
550 2042 765 2110 reQnern
796 2050 954 2096 incipere
983 2061 1059 2085 non
1091 2049 1171 2085 ausi
1198 2049 1329 2095 ignaro
1357 2048 1531 2095 principe,

202 2127 241 2157 30
259 2113 501 2162 perscripsere
539 2119 662 2148 tamen
695 2113 727 2148 ei
759 2123 980 2149 consensum
1019 2118 1178 2147 senatus.
1232 2111 1290 2146 ille
1327 2123 1374 2146 an
1407 2118 1534 2146 auctor

259 2176 527 2213 constitutionis
565 2176 665 2211 fieret
701 2175 917 2211 consultavit
954 2175 1046 2210 inter
1084 2180 1223 2222 paucos
1260 2179 1295 2209 et
1332 2173 1532 2209 sententiae

259 2239 431 2282 diversos,
470 2237 689 2285 quibusdam
733 2237 905 2272 coalitam
956 2236 1117 2272 libertate
1164 2235 1441 2271 inreverentiam
1486 2246 1531 2271 eo

259 2302 468 2349 prorupisse
490 2299 737 2343 frementibus,
759 2303 798 2334 ul
819 2300 899 2334 vine
926 2310 973 2334 an
1001 2310 1120 2345 aequo
1149 2309 1233 2334 cum
1262 2297 1426 2345 patronis
1455 2297 1531 2332 iure
