1674 2653
545 208 773 238 CORNELII
802 208 966 238 TACJTJ
990 208 1257 239 ANNALJUM
1305 201 1441 253 [A.U.C.
1462 211 1534 240 818.

258 307 335 345 foro
357 310 465 345 aedes
491 309 700 356 decoraque
720 308 862 345 servitia
881 314 917 344 et
942 309 1021 356 pari
1042 316 1156 346 aetate
1178 309 1345 346 habebat.
1401 316 1534 347 cuncta
1552 316 1573 344 2

258 383 303 408 eo
332 372 390 408 die
419 372 546 408 munia
573 372 735 408 consulis
764 371 977 420 impleverat
1003 373 1286 420 conviviumque
1315 374 1532 418 celebrabat,

258 435 345 471 nihil
379 443 546 471 metuens
577 447 624 471 an
656 435 922 471 dissimulando
954 442 1064 478 metu,
1099 447 1185 472 cum
1219 436 1372 484 ingressi
1403 437 1533 473 milites

257 499 377 534 vocari
406 511 491 535 eum
517 511 538 534 a
567 499 713 534 tribuno
740 498 874 535 dixere.
931 499 988 534 ille
1013 499 1101 534 nihil
1131 500 1344 536 demoratus
1374 500 1535 547 exsurgit
1552 505 1572 532 3

221 572 238 602 5
258 568 293 598 et
313 563 438 598 omnia
458 562 566 599 simul
593 569 858 610 properantur:
889 562 1070 598 clauditur
1097 563 1279 607 cubiculo,
1309 570 1457 611 praesto
1480 569 1534 598 est

258 626 432 670 medicus,
461 625 725 662 abscinduntur
753 638 879 669 venae,
909 626 1039 672 vigens
1065 625 1185 661 adhuc
1209 626 1343 662 balneo
1371 626 1532 671 infertur,

258 689 376 725 calida
395 701 491 737 aqua
510 696 699 734 mersatur,
715 689 815 725 nulla
835 690 931 725 edita
946 701 1036 725 voce
1058 701 1130 737 qua
1152 696 1271 725 semet
1290 690 1533 726 miseraretur.

258 752 471 788 circumdati
492 752 635 788 interim
663 752 828 789 custodia
853 752 916 800 qui
946 752 1055 788 simul
1083 753 1351 798 discubuerant,
1373 765 1440 789 nec
1465 752 1534 788 nisi
1551 757 1574 784 4

257 824 427 864 provecta
458 822 567 853 nocte
597 816 721 852 omissi
756 822 848 860 sunt,
883 822 1079 864 postquam
1113 828 1286 863 pavorem
1317 828 1456 859 eorum,
1489 827 1534 851 ex

205 890 240 911 10
258 892 386 916 mensa
411 880 561 915 exitium
589 880 872 927 opperientium,
893 886 927 915 et
953 879 1174 926 imaginatus
1193 887 1227 915 et
1253 880 1412 916 inridens
1432 879 1535 916 Nero

257 944 342 979 satis
363 944 530 990 supplicii
551 944 658 980 luisse
679 944 728 978 ait
750 955 816 991 pro
839 943 955 990 epulis
977 942 1243 979 consularibus.

309 1010 377 1044 70.
406 1006 516 1042 Exim
543 1006 687 1042 Annaei
708 1006 848 1043 Lucani
875 1006 1029 1043 caedem
1055 1006 1216 1053 imperat.
1270 1006 1300 1043 is
1328 1007 1535 1054 profluente

257 1071 435 1118 sanguine
474 1071 537 1106 ubi
579 1071 772 1118 frigescere
809 1061 1166 1118 pedes'manusque
1204 1076 1240 1106 et
1277 1071 1452 1117 paulatim
1489 1072 1536 1106 ab

258 1134 428 1170 extremis
458 1134 588 1170 cedere
620 1134 784 1181 spiritum
819 1133 955 1169 fervido
985 1133 1105 1169 adhuc
1137 1140 1172 1169 et
1201 1140 1374 1181 compote
1403 1134 1535 1170 mentis

203 1207 238 1238 15
258 1204 403 1245 pectore
430 1197 613 1244 intellegit,
640 1197 851 1233 recordatus
880 1208 1029 1233 carmen
1059 1209 1081 1233 a
1109 1209 1147 1233 se
1177 1197 1434 1244 compositum,
1461 1208 1535 1244 quo

257 1261 483 1296 vulneratum
513 1261 663 1297 militem
697 1272 761 1308 per
790 1260 867 1296 eius
900 1260 1001 1296 modi
1031 1260 1158 1296 mortis
1186 1260 1383 1307 imaginem
1415 1261 1535 1296 obisse

257 1324 460 1368 tradiderat,
488 1336 611 1360 versus
639 1324 739 1371 ipsos
767 1323 911 1368 rettulit,
941 1335 1057 1371 eaque
1087 1324 1133 1359 illi
1163 1335 1334 1371 suprema
1361 1335 1431 1359 vox
1461 1323 1535 1358 suit.

259 1387 415 1424 Senecio
445 1387 599 1435 posthac
626 1393 662 1423 et
690 1387 913 1431 Quintianus
942 1394 977 1422 et
1007 1387 1204 1422 Scaevinus
1234 1398 1310 1422 non
1337 1398 1383 1422 ex
1413 1386 1572 1433 priore2

256 1452 348 1487 vitae
374 1451 539 1494 mollitia,
567 1462 655 1487 mox
682 1450 810 1497 reliqui
837 1450 1111 1486 coniuratorum
1139 1450 1286 1497 periere,
1311 1449 1412 1485 nullo
1438 1448 1535 1486 facto

201 1527 239 1548 20
258 1515 399 1550 dictove
419 1514 673 1550 memorando.

309 1581 367 1615 71.
410 1576 482 1613 Sed
528 1576 705 1625 compleri
746 1577 892 1613 interim
938 1578 1025 1613 urbs
1066 1576 1266 1621 funeribus,
1309 1575 1534 1624 Capitolium

255 1640 431 1684 victimis;
477 1640 567 1676 alius
601 1640 684 1686 filio,
720 1639 825 1676 fratre
858 1640 950 1676 alius
982 1646 1042 1676 aut
1076 1640 1286 1687 propinquo
1321 1645 1382 1674 aut
1414 1640 1534 1675 amico

256 1703 464 1747 intersectis,
497 1715 605 1750 agere
639 1709 761 1750 grates
795 1702 882 1748 deis,
918 1714 1049 1738 ornare
1083 1702 1186 1738 lauru
1219 1702 1385 1746 domum,
1415 1714 1534 1749 genua

255 1767 368 1815 ipsius
387 1766 531 1803 advolvi
551 1773 586 1802 et
607 1766 774 1802 dextram
790 1765 925 1802 osculis
941 1765 1102 1813 fatigare.
1151 1771 1260 1813 atque
1280 1765 1338 1801 ille
1358 1765 1533 1812 gaudium
1551 1772 1570 1799 2

201 1841 237 1872 ²5
257 1829 292 1865 id
332 1829 486 1866 credens
525 1829 675 1866 Antonii
719 1828 862 1865 Natalis
902 1834 937 1864 et
980 1828 1137 1864 Cervarii
1180 1828 1326 1864 Proculi
1366 1827 1534 1864 festinata

254 1892 388 1928 indicia
420 1892 623 1939 inpunitate
661 1897 925 1927 remuneratur.
983 1890 1155 1927 Milichus
1188 1891 1360 1938 praemiis
1399 1891 1570 1926 ditatus3

256 1956 522 1992 conservatoris
560 1956 626 1990 sibi
664 1967 811 1998 nomen,
853 1954 1000 1991 Graeco
1037 1955 1113 1991 eius
1151 1955 1203 1990 rei
1239 1954 1430 1998 vocabulo,
1469 1954 1532 1989 ad-

256 2019 421 2066 sumpsit.
477 2030 496 2054 e
535 2019 686 2054 tribunis
725 2018 864 2054 Gavius
907 2017 1084 2061 Silvanus,
1123 2018 1290 2065 quamvis
1332 2017 1573 2061 absolutus,4

255 2094 320 2118 sua
361 2093 474 2117 manu
516 2081 645 2118 cecidit
658 2093 667 2125 ;
724 2080 857 2117 Statius
898 2080 1092 2117 Proximus
1133 2081 1285 2125 veniam,
1329 2092 1440 2127 quarn
1485 2080 1532 2115 ab

199 2157 237 2186 30
256 2146 472 2193 imperatore
499 2151 700 2192 acceperat,
727 2145 884 2180 vanitate
910 2144 1027 2180 exitus
1052 2144 1223 2190 corrupit.
1279 2143 1378 2178 exuti
1401 2142 1532 2178 dehinc
1549 2150 1569 2177 5

255 2209 438 2243 tribunatu
467 2207 483 2225 *
502 2207 519 2226 *
550 2207 761 2254 Pompeius,
788 2206 982 2242 Cornelius
1011 2206 1200 2249 Martialis,
1223 2205 1366 2240 Flavius
1390 2204 1529 2252 NepOS‚

256 2270 390 2306 Statius
416 2270 611 2314 Domitius,
642 2271 746 2316 quasi
773 2269 975 2316 principem
995 2280 1070 2304 non
1097 2268 1247 2315 quidem
1272 2268 1446 2311 odissent,
1467 2267 1529 2302 sed

254 2342 377 2369 tamen
398 2333 698 2369 existimarentur.
756 2331 878 2368 Novio
905 2330 1029 2367 Prisco
1048 2343 1113 2379 per
1133 2330 1332 2366 amicitiam
1355 2328 1527 2373 Senecae,
1548 2336 1570 2362 6
