1674 2653
162 203 238 228 Aa).
259 189 329 241 66]
496 196 640 226 LIBER
671 196 768 226 XVI.
827 197 924 226 CAP.
958 192 1094 235 24-28.

160 298 227 334 sibi
247 305 366 334 actam
388 304 555 342 aetatem,
573 304 606 332 et
627 304 678 333 tot
702 310 764 344 per
785 309 903 333 annos
924 297 1141 333 continuum
1162 297 1255 333 vitae
1276 298 1441 334 ordinem

159 372 236 396 non
284 360 549 397 deserendum:
607 360 657 395 illi
703 360 845 396 initium
892 361 1175 408 magistratuum
1224 365 1259 397 et
1302 361 1443 407 integra

118 432 140 459 8
159 435 252 471 quae
299 424 492 472 supersint.
550 422 706 458 multum
754 430 837 459 ante
885 434 1010 459 secum
1059 423 1293 470 expenderet,
1340 423 1442 471 quod

158 486 218 522 tali
251 487 288 522 in
320 493 485 534 tempore
517 486 766 533 capessendae
800 486 849 521 rei
882 487 1052 534 publicae
1085 487 1150 522 iter
1184 486 1440 535 ingrederetur.

159 556 319 586 ceterum
339 551 427 598 ipse,
447 561 494 585 an
515 551 638 585 venire
666 550 703 585 in
729 557 897 585 senatum
925 549 1083 594 deceret,
1105 550 1334 587 meditationi
1354 562 1440 587 suae

159 614 313 660 reliquit.

210 681 273 714 27.
304 677 353 712 At
389 683 537 725 postera
576 677 657 713 luce
693 677 786 713 duae
825 678 1031 724 praetoriae
1071 677 1242 714 cohortes
1278 684 1441 714 armatae

157 740 336 787 templum
352 740 558 777 Genetricis
573 739 729 776 Veneris
749 741 928 777 insedere.
984 741 1123 776 aditum
1140 748 1288 777 senatus
1308 741 1441 787 globus

158 810 366 850 togatorum
385 804 581 840 obsederat
601 816 678 840 non
705 804 856 840 occultis
872 804 1012 851 gladiis,
1034 804 1260 852 dispersique
1281 817 1345 852 per
1365 804 1442 840 sora

117 876 139 904 2
157 879 200 903 ac
219 867 387 904 basilicas
407 868 512 904 cunei
533 868 715 904 militares.
771 868 863 903 inter
888 879 1046 916 quorum
1073 875 1244 914 aspectus
1271 874 1304 904 et
1321 869 1439 904 minas

156 930 310 977 ingressi
332 931 469 967 curiam
490 937 687 976 senatores,
710 938 745 968 et
771 931 889 967 oratio
915 931 1090 978 principis
1115 943 1179 978 per
1205 938 1440 979 quaestorem

156 994 233 1029 eius
266 994 388 1030 audita
419 1001 494 1032 est:
536 995 683 1030 nemine
717 995 937 1031 nominatim
971 994 1193 1042 compellato
1231 1002 1351 1042 patres
1383 1007 1439 1031 ar-

156 1058 302 1104 guebat,
332 1058 434 1106 quod
463 1058 610 1106 publica
638 1058 764 1093 munia
794 1058 1003 1094 desererent
1031 1069 1236 1105 eorumque
1266 1058 1440 1106 exemplo

117 1128 138 1156 3
157 1121 296 1168 equites
339 1119 501 1157 Romani
548 1121 594 1157 ad
641 1121 833 1169 segnitiam
881 1127 1128 1157 verterentur:
1170 1122 1305 1157 etenim
1351 1122 1439 1169 quid

157 1184 288 1219 mirum
325 1197 344 1220 e
383 1185 596 1233 longinquis
630 1185 829 1232 provinciis
863 1184 962 1220 haud
995 1185 1120 1229 veniri,
1155 1197 1240 1221 cum
1272 1185 1436 1233 plerique

157 1246 280 1294 adepti
306 1248 542 1284 consulatum
567 1256 603 1284 et
631 1248 834 1285 sacerdotia
861 1247 1053 1284 hortorum
1079 1249 1202 1295 potius
1224 1249 1437 1285 amoenitati

156 1310 378 1347 inservirent.
433 1312 536 1359 quod
556 1312 652 1348 velut
672 1312 785 1348 telum
805 1312 1012 1359 corripuere
1033 1319 1280 1348 accusatores.

208 1369 274 1412 28.
306 1374 354 1411 Et
382 1375 525 1411 initium
555 1376 712 1412 faciente
742 1376 977 1420 Cossutiano,
1007 1376 1147 1411 maiore
1175 1376 1209 1411 vi
1238 1375 1438 1413 Marcellus

155 1449 338 1474 summam
352 1450 430 1475 rem
443 1439 625 1487 publicam
640 1440 697 1487 agi
710 1439 921 1476 clamitabat
934 1451 944 1484 3
973 1439 1209 1475 contumacia
1221 1439 1437 1477 inferiorum

116 1507 136 1534 2
155 1502 341 1537 lenitatem
388 1503 630 1550 imperitantis
679 1503 854 1539 deminui.
910 1503 1067 1538 nimium
1112 1504 1219 1540 mites
1264 1504 1311 1539 ad
1353 1517 1434 1541 eam

154 1565 252 1600 diem
279 1572 412 1612 patres,
432 1567 494 1614 qui
522 1566 727 1603 Thraseam
754 1566 1035 1612 desciscentem,
1064 1567 1126 1615 qui
1153 1579 1332 1615 generum
1359 1568 1436 1604 eius

155 1628 367 1664 Helvidium
407 1629 576 1666 Priscum
616 1630 654 1666 in
693 1630 810 1666 isdem
850 1630 1045 1673 furoribus,
1086 1630 1194 1666 simul
1233 1631 1435 1668 Paconium

153 1691 412 1740 Agrippinum,
440 1693 582 1740 paterni
609 1693 646 1729 in
674 1693 857 1741 principes
887 1693 960 1729 odii
990 1693 1177 1739 heredem,
1203 1700 1240 1731 et
1268 1694 1436 1731 Curtium

155 1753 379 1791 Montanum
416 1756 632 1793 detestanda
664 1757 830 1793 carmina
861 1756 1088 1793 factitantem
1120 1758 1266 1794 eludere
1299 1759 1436 1806 inpune

114 1826 135 1854 3
154 1818 322 1855 sinerent.
378 1820 560 1867 requirere
614 1831 653 1856 se
705 1820 742 1856 in
796 1826 924 1856 senatu
972 1819 1216 1864 consularem,
1262 1822 1299 1857 in
1346 1823 1436 1858 votis

153 1882 393 1927 sacerdotem,
427 1883 464 1919 in
497 1883 573 1920 iure
608 1883 762 1920 iurando
789 1884 916 1928 civem,
953 1884 1021 1920 nisi
1051 1891 1179 1921 eontra
1207 1884 1369 1922 instituta
1401 1892 1437 1922 et

152 1946 395 1982 caerimonias
422 1946 605 1982 maiorum
630 1946 858 1995 proditorem
884 1947 1008 1995 palam
1034 1954 1070 1984 et
1096 1947 1241 1985 hostem
1268 1947 1436 1986 Thrasea

111 2015 135 2043 4
152 2009 341 2048 induisset.
397 2010 557 2059 denique
573 2022 682 2059 agere
703 2018 912 2047 senatorem
928 2018 964 2047 et
980 2011 1155 2059 principis
1172 2012 1435 2050 obtrectatores

152 2079 341 2120 protegere
375 2073 503 2109 solitus
535 2075 683 2119 veniret,
715 2081 882 2111 censeret
917 2074 1006 2122 quid
1040 2075 1174 2122 corrigi
1208 2083 1270 2112 aut
1303 2078 1434 2112 mutari

152 2136 278 2172 vellet:
317 2136 457 2173 facilius
491 2136 695 2185 perlaturos
730 2137 874 2185 singula
907 2137 1132 2185 increpantis
1163 2150 1292 2175 vocem
1323 2152 1432 2187 quam

112 2208 134 2236 5
153 2211 251 2235 nunc
278 2199 463 2236 silentium
488 2199 690 2247 perferrent
715 2201 840 2236 omnia
867 2200 1087 2237 damnantis.
1145 2214 1276 2249 pacem
1304 2203 1350 2238 illi
1370 2216 1435 2251 per

153 2263 282 2298 orbem
301 2269 427 2307 terrae,
448 2274 497 2298 an
517 2263 685 2299 victorias
706 2264 783 2299 sine
804 2264 942 2299 damno
970 2265 1198 2301 exercituum
1220 2265 1434 2314 displicere?

154 2338 200 2367 ne
229 2326 419 2365 hominem
451 2326 559 2362 bonis
590 2326 746 2376 publicis
781 2334 976 2372 maestum,
1014 2335 1049 2364 et
1088 2330 1149 2376 qui
1184 2329 1262 2365 fora
1295 2329 1435 2366 theatra

1459 564 1476 595 5

1460 881 1498 902 10

1456 1520 1494 1541 20

1456 1838 1492 1869 25

1454 2157 1493 2186 30
