1674 2653
127 204 130 208 »
166 178 334 231 A.n.62.]
527 186 672 217 LIBER
700 186 779 218 XV.
838 187 934 217 CAP.
971 182 1104 216 16-21.

30 231 278 341 ffss'ffi'}l9.
309 287 585 323 Percrebruerat
619 299 662 323 ea
699 293 917 335 tempestate
952 287 1187 335 pravissimus
1225 298 1319 331 mos,
1359 297 1444 322 curn

63 342 104 462 f
165 351 381 398 propinquis
418 351 575 387 comitiis
612 357 672 387 aut
711 357 810 386 sorte
853 351 1123 398 provinciarum
1163 350 1328 398 plerique
1366 349 1446 385 orbi

167 414 260 449 fictis
289 414 550 461 adoptionibus
583 413 828 450 adsciscerent
858 414 961 459 filios,
997 419 1258 462 praeturasque
1289 420 1325 448 et
1362 425 1444 460 pro-

60 463 67 500 ‘¹
166 477 300 512 vincias
337 477 429 512 inter
464 483 586 524 patres
624 477 737 513 sortiti
780 477 899 513 statim
939 477 1146 513 emitterent
1187 488 1311 519 manu,
1350 487 1445 523 quos

47 532 57 589 j
127 548 149 576 2
167 539 437 587 adoptaverant.
510 551 647 588 magna
688 552 774 576 cum
812 540 947 576 invidia
990 546 1157 576 senatum
1200 539 1348 582 adeunt,
1391 539 1445 574 ius
1464 552 1479 581 5

39 594 48 649 l
166 609 328 647 naturae,
353 603 498 639 labores
517 603 699 639 educandi
726 603 899 639 adversus
919 602 1086 639 fraudem
1106 608 1141 639 et
1161 609 1255 639 artes
1274 609 1308 638 et
1329 602 1444 638 brevi-

127 674 147 702 3
166 672 275 702 tatem
308 666 516 714 adoptionis
546 673 772 703 enumerant.
828 667 913 702 satis
946 666 1052 713 pretii
1090 678 1169 701 esse
1202 665 1313 709 orbis,
1344 665 1445 712 quod

164 729 278 765 multa
316 730 519 775 securitate,
560 729 668 765 nullis
705 730 882 765 oneribus
923 729 1076 777 gratiam
1115 729 1277 764 honores
1314 735 1446 764 cuncta

18 836 20 838 Ι
124 800 148 827 4
165 799 337 840 prompta
355 799 391 829 et
410 793 517 829 obvia
536 792 723 829 haberent.
778 793 846 829 sibi
862 792 1045 840 promissa
1065 792 1190 839 legum
1210 791 1271 827 (liu
1291 803 1445 838 exspec-

12 861 18 898 ξ
163 862 237 892 tata
256 857 293 891 in
314 856 510 892 ludibrium
528 856 628 901 verti,
651 856 802 904 quando
831 856 912 904 quis
937 856 1016 892 sine
1037 855 1278 892 sollicitudine
1299 866 1443 902 parens,
1466 868 1503 889 10

11 900 15 974 ἱ
165 919 243 955 sine
280 919 379 956 luctu
416 920 528 955 orbus
565 919 678 966 longa
714 926 858 967 patrum
895 925 981 955 vota
1023 925 1173 966 repente
1210 918 1443 966 adaequaret.

12 975 22 1038 l
125 989 145 1017 5
163 981 301 1018 factum
319 994 364 1018 ex
388 995 432 1019 eo
456 990 603 1019 senatus
629 982 851 1027 consultum,
874 994 920 1018 ne
948 982 1119 1018 simulata
1139 982 1292 1029 adoptio
1312 982 1348 1016 in
1373 982 1444 1017 ulla

20 1040 27 1075 ἒ
163 1052 266 1094 parte
286 1046 449 1082 muneris
468 1046 603 1094 publici
632 1046 768 1082 iuvaret
788 1057 831 1082 ac
852 1058 898 1081 ne
919 1045 1140 1093 usurpandis
1167 1044 1320 1093 quidem
1340 1044 1443 1080 here-

24 1077 51 1192 Χ
163 1109 335 1145 ditatibus
355 1109 558 1157 prodesset.

50 1192 76 1214 ,χ
215 1176 281 1209 20.
310 1173 419 1209 Exim
440 1172 615 1209 Claudius
630 1172 854 1209 Timarchus
870 1172 1058 1209 Cretensis
1075 1183 1157 1209 reus
1171 1172 1299 1220 agitur,
1314 1172 1442 1208 ceteris
1465 1185 1500 1215 15

163 1237 386 1281 criminibus,
405 1242 444 1272 ut
464 1236 582 1273 solent
602 1236 798 1283 praevalidi
818 1236 1097 1284 provincialium
1117 1243 1152 1272 et
1172 1237 1305 1283 opibus
1322 1236 1442 1271 nimiis

163 1299 209 1336 ad
222 1300 371 1336 iniurias
384 1300 569 1336 minorum
584 1300 688 1336 elati:
718 1311 792 1336 una
808 1312 880 1335 vox
893 1299 970 1336 eius
983 1311 1100 1347 usque
1118 1299 1163 1335 ad
1177 1299 1441 1335 contumeliam

163 1370 310 1398 senatus
329 1369 593 1410 penetraverat,
622 1363 723 1411 quod
743 1363 940 1399 dictitasset
961 1364 998 1398 in
1025 1374 1092 1398 sua
1109 1369 1290 1410 potestate
1320 1362 1441 1406 situm,

32 1425 39 1477 j
162 1438 210 1462 an
236 1426 527 1474 proconsulibus,
549 1427 611 1473 qui
637 1426 787 1462 Cretam
813 1426 1065 1470 obtinuissent,
1086 1433 1209 1472 grates
1236 1432 1441 1473 agerentur.

28 1478 34 1536 l
122 1501 143 1529 2
163 1501 273 1537 quarn
287 1490 523 1526 occasionem
537 1489 669 1526 Paetus
683 1489 852 1526 Thrasea
865 1489 911 1526 ad
924 1490 1064 1526 bonum
1083 1489 1270 1536 publicum
1286 1496 1441 1533 vertens,
1463 1504 1502 1525 20

26 1539 30 1613 l
161 1560 358 1600 postquam
396 1553 440 1589 de
472 1565 535 1589 reo
568 1559 757 1589 censuerat
789 1553 978 1600 provincia
1019 1552 1131 1589 Creta
1169 1552 1441 1600 depellendum,

161 1615 252 1652 haec
285 1616 444 1652 addidit:
488 1619 577 1652 ‘usu
609 1617 806 1663 probatum
838 1623 903 1660 est,
935 1623 1057 1664 patres
1096 1616 1303 1663 conscripti,
1343 1616 1444 1663 leges

24 1668 27 1682 ἰ
163 1680 340 1726 egregias,
374 1679 544 1726 exempla
574 1679 729 1715 honesta
763 1680 862 1726 apud
892 1680 1012 1716 bonos
1043 1691 1088 1715 ex
1120 1679 1259 1716 delictis
1288 1679 1444 1715 aliorum

19 1742 23 1774 l
124 1753 145 1780 3
164 1742 275 1789 gigni.
332 1742 383 1778 sic
408 1748 596 1777 oratorum
624 1741 768 1777 licentia
796 1741 965 1778 Cinciam
994 1742 1238 1789 rogationem,
1268 1742 1444 1778 candida-

162 1812 284 1841 torum
308 1805 467 1841 ambitus
494 1805 605 1840 Iulias
631 1804 742 1852 leges,
764 1805 1042 1852 magistratuum
1072 1805 1220 1841 avaritia
1245 1805 1443 1853 Calpurnia
1464 1818 1500 1849 25

161 1866 252 1901 scita
285 1872 503 1913 pepererunt
514 1877 523 1910 ;
567 1877 652 1901 narn
687 1866 795 1912 culpa
832 1877 945 1913 quam
977 1877 1099 1913 poena
1136 1872 1303 1913 tempore
1332 1866 1442 1913 prior,

119 1935 143 1964 4
162 1928 350 1965 emendari
369 1940 482 1975 quam
505 1940 659 1976 peccare
680 1929 862 1976 posterius
880 1934 946 1965 est.
1002 1941 1091 1976 ergo
1117 1929 1289 1965 adversus
1309 1940 1443 1965 novam

9 1990 14 2040 ξ
161 1991 437 2039 provincialium
458 1991 668 2038 superbiam
696 1991 851 2038 dignum
872 1992 942 2028 fide
968 1993 1249 2039 constantiaque
1271 1992 1444 2028 Romana

137 2055 351 2102 ⁴capiamus
383 2054 592 2098 consilium,
627 2066 701 2102 quo
735 2055 864 2091 tutelae
898 2055 1085 2091 sociorum
1116 2055 1203 2090 nihil
1236 2055 1441 2102 derogetur,

161 2117 269 2154 nobis
288 2118 414 2164 opinio
441 2117 606 2162 decedat,
626 2117 745 2165 qualis
768 2118 926 2166 quisque
952 2119 1141 2162 habeatur,
1164 2118 1250 2154 alibi
1275 2130 1387 2166 quam
1406 2119 1442 2153 in
1462 2133 1500 2163 30

161 2181 295 2220 civium
314 2180 450 2216 iudicio
473 2192 565 2217 esse.

213 2248 271 2280 21.
301 2246 309 2262 ‘
324 2242 424 2280 Olim
438 2243 588 2291 quidem
606 2255 681 2280 non
697 2244 810 2280 modo
830 2250 976 2291 praetor
997 2250 1058 2280 aut
1079 2244 1218 2287 consul,
1232 2244 1297 2280 sed
1316 2245 1443 2292 privati

161 2307 273 2343 etiam
302 2307 548 2351 mittebantur,
571 2307 633 2355 qui
661 2308 869 2355 provincias
897 2307 1053 2343 viserent
1077 2314 1112 2343 et
1138 2307 1229 2356 quid
1251 2307 1296 2344 de
1321 2308 1442 2344 cuius-

28 720 32 737 l
