1725 2653
165 180 235 205 m.
257 164 326 218 58·]
507 172 653 203 LIBER
680 172 786 203 XJIJ.
845 173 940 204 CAP.
968 176 1106 215 49-54.

169 245 179 261 Ι.

126 286 146 313 3
164 275 308 312 inlicitis
327 274 478 312 nomina
497 274 683 322 publicani
707 275 930 311 invenerant.
989 281 1191 322 temperata
1210 274 1307 322 apud
1327 280 1442 310 trans-

166 339 326 375 marinas
367 338 575 386 provincias
614 338 785 374 frumenti
815 339 1014 382 subvectio,
1044 345 1078 375 et
1107 350 1153 374 ne
1181 338 1351 374 censibus
1380 350 1442 373 ne-

166 403 387 450 gotiatorum
417 413 526 438 naves
554 402 844 438 adscriberentur
873 403 1122 450 tributumque
1151 413 1217 449 pro
1251 401 1318 437 illis
1354 413 1443 449 pen-

166 466 301 509 derent,
322 466 568 502 constitutum.
627 452 735 460 *ww-⁴

220 534 286 566 52.
318 528 419 565 Reos
438 541 484 566 ex
504 528 691 576 provincia
710 528 845 571 Africa,
867 529 927 576 qui
958 529 1221 577 proconsulare
1251 528 1443 576 imperium
1463 539 1479 569 5

167 593 236 629 illic
256 592 471 636 habuerant,
488 592 689 640 Sulpicium
707 592 944 629 Camerinum
960 599 995 628 et
1015 592 1235 640 Pompeium
1257 591 1442 627 Silvanum

167 656 318 692 absolvit
353 655 498 697 Caesar,
534 656 771 692 Camerinum
811 655 986 692 adversus
1023 656 1184 703 privatos
1221 662 1256 692 et
1293 666 1444 703 paucos,

167 720 335 756 saevitiae
350 720 468 767 magis
481 731 592 768 quam
609 725 798 768 captarum
811 719 1050 767 pecuniarum
1066 719 1219 755 crimina
1232 719 1444 756 obicientes.

129 792 150 820 2
170 783 358 820 Silvanum
377 795 514 830 magna
532 784 585 819 vis
610 790 866 820 accusatorum
887 783 1176 844 circumsteterat
1196 783 1443 830 poscebatque

167 854 312 895 tempus
337 847 610 884 evocandorum
629 847 796 883 testium:
837 858 918 882 reus
943 845 1028 883 ilico
1053 845 1200 883 defendi
1227 847 1442 894 postulabat
1465 857 1502 878 10

129 918 149 946 3
169 911 351 959 valuitque
389 911 591 959 pecuniosa
628 902 784 960 orbitate
812 917 847 947 et
876 903 1035 955 senecta,
1066 922 1179 959 quam
1215 910 1306 946 ult1a
1333 911 1442 946 vitam

168 986 294 1011 eorum
311 974 494 1022 produxit,
514 985 697 1022 quorum
688 974 826 1009 ambitu
845 981 1018 1010 evaserat.
1057 985 1124 1017 γ’

222 1042 286 1075 53.
318 1037 473 1083 Quietae
493 1038 541 1074 ad
559 1038 595 1074 id
613 1044 756 1086 tempus
776 1049 834 1074 res
854 1038 890 1073 in
906 1037 1107 1074 Germania
1126 1037 1278 1082 fue1·,ant
1294 1038 1444 1085 ingenio

169 1102 319 1146 ducum,
335 1102 395 1150 qui
415 1101 634 1150 pervulgatis
654 1101 828 1149 triumphi
850 1101 1054 1148 insignibus
1074 1102 1192 1137 maius
1212 1114 1256 1138 ex
1273 1113 1318 1138 eo
1333 1101 1444 1137 decus

130 1172 150 1199 2
170 1166 376 1212 sperabant,
397 1165 426 1201 si
449 1160 586 1212 pacemv
602 1164 926 1201 continuavissent.
982 1164 1158 1201 Paulinus
1184 1165 1383 1212 Pompeius
1409 1171 1443 1200 et
1466 1176 1500 1205 15

130 1234 150 1262 3
170 1227 211 1264 L.
225 1228 343 1264 Vetus
355 1240 398 1265 ea
417 1234 633 1276 tempestate
647 1228 820 1265 exercitui
840 1236 1041 1276 praeerant.
1089 1241 1135 1265 ne
1151 1235 1273 1265 tamen
1291 1241 1443 1276 segnem

169 1292 321 1328 militem
340 1292 545 1337 attinerent,
560 1292 618 1328 ille
639 1292 852 1328 inchoatum
873 1299 958 1328 ante
974 1299 1047 1327 tres
1062 1299 1096 1328 et
1117 1293 1306 1339 sexaginta
1326 1304 1444 1329 annos

169 1367 191 1391 a
210 1355 332 1392 Druso
352 1368 525 1404 aggerem
545 1355 751 1393 coercendo
773 1355 906 1392 Rheno
926 1355 1091 1400 absolvit,
1111 1355 1228 1392 Vetus
1248 1355 1443 1393 Mosellam

170 1426 279 1467 atque
299 1419 455 1455 Ararim
481 1419 576 1456 facta
604 1420 696 1455 inter
719 1426 916 1468 utrumque
942 1419 1040 1455 fossa
1065 1426 1258 1456 conectere
1281 1421 1443 1468 parabat,

168 1489 208 1518 ut
235 1483 363 1530 copiae
392 1495 458 1531 per
485 1495 597 1527 mare,
627 1483 713 1519 dein
743 1482 930 1519 Rhodano
958 1490 993 1519 et
1020 1484 1133 1519 Arare
1160 1484 1354 1519 subvectae
1383 1496 1446 1532 per
1465 1494 1502 1514 20

169 1557 250 1581 eam
270 1545 418 1589 fossam,
439 1558 527 1582 mox
548 1546 659 1582 fluvio
686 1545 843 1582 Mosella
867 1546 904 1582 in
925 1546 1110 1590 Rhenum,
1132 1547 1229 1582 exim
1251 1546 1444 1584 Oceanum

170 1609 411 1655 decurrerent,
434 1610 655 1658 sublatisque
675 1610 811 1646 itineris
830 1610 1101 1646 difficultatibus
1121 1610 1339 1657 navigabilia
1354 1611 1446 1647 inter

129 1678 152 1705 4
171 1684 209 1709 se
238 1672 453 1710 Occidentis
485 1673 825 1721 Septentrionisque
858 1673 963 1709 litora
996 1674 1134 1710 fierent.
1190 1674 1316 1724 invidit
1343 1676 1444 1722 operi

171 1736 296 1772 Aelius
334 1736 488 1773 Gracilis
528 1736 701 1784 Belgicae
745 1737 896 1785 legatus,
935 1737 1152 1773 deterrendo
1189 1723 1360 1774 Veterem
1384 1729 1445 1775 ‘ne
1476 1733 1551 1787 3¹2!

170 1800 334 1847 legiones
375 1801 514 1836 alienae
559 1801 769 1847 provinciae
813 1801 959 1837 inferret
1002 1802 1196 1850 studiaque
1241 1802 1443 1838 Galliarum
1465 1813 1501 1844 25

171 1863 379 1908 adfectaret,
401 1864 681 1901 formidolosum
702 1865 737 1901 id
762 1865 973 1913 imperatori
995 1866 1176 1911 dictitans,
1193 1878 1268 1915 quo
1288 1866 1444 1914 plerum-

171 1939 241 1974 que
261 1927 498 1974 prohibentur
517 1935 672 1964 conatus
691 1928 847 1965 honesti.

224 1993 291 2027 54.
321 1990 495 2027 Ceterum
541 1992 719 2028 continuo
764 1993 990 2028 exercituum
1036 1994 1112 2029 otio
1157 1993 1255 2030 sarna
1300 1993 1446 2030 incessit

132 2059 153 2087 2
172 2060 337 2101 ereptum
377 2053 433 2089 ius
478 2054 604 2101 legatis
650 2054 809 2090 ducendi
861 2055 897 2090 in
949 2055 1105 2092 hostem.
1171 2068 1290 2105 eoque
1341 2056 1445 2092 Frisii

172 2117 396 2153 iuventutem
417 2116 567 2152 saltibus
587 2124 648 2153 aut
668 2117 872 2165 paludibus,
892 2118 1064 2155 inbellem
1085 2125 1241 2156 aetatem
1261 2132 1327 2167 per
1345 2120 1445 2156 lacus
1464 2129 1504 2160 30

173 2179 368 2216 admovere
397 2180 496 2227 ripae
530 2191 711 2228 agrosque
739 2192 874 2217 vacuos
903 2188 938 2218 et
966 2181 1121 2218 militurn
1156 2183 1235 2218 usui
1264 2184 1445 2230 sepositos

172 2242 348 2287 insedere,
377 2249 526 2279 auctore
559 2242 703 2280 Verrito
740 2250 775 2280 et
814 2243 1008 2291 Malorige,
1036 2247 1098 2293 qui
1135 2247 1324 2282 nationem
1362 2259 1445 2283 eam

135 2311 155 2340 3
175 2306 359 2352 regebant,
380 2306 416 2340 in
445 2315 622 2353 quanssum
646 2305 825 2343 Germani
853 2316 1061 2354 regnantur.
1115 2309 1263 2357 iamque
1291 2310 1445 2346 fixerant
