1674 2653
144 212 219 238 mn.
240 197 312 251 66.]
494 205 641 237 LIBER
666 204 766 236 XVI.
821 205 918 236 CAP.
948 200 1084 246 28-33·

143 305 319 343 faciendis
355 306 509 354 magicis
548 306 659 342 sacris
696 305 936 352 contraheret,
976 306 1136 354 primum
1174 312 1286 343 strata
1322 305 1424 341 humi

143 368 333 418 longoque
366 370 452 406 fletu
486 376 521 406 et
555 369 711 414 silentio,
745 376 827 417 post
857 369 981 405 altaria
1018 377 1052 405 et
1090 381 1190 406 aram
1229 369 1424 416 complexa

145 431 310 469 ‘nullos'
344 433 460 480 inquit
496 433 649 481 ‘impios
680 433 780 477 deos,
813 433 931 468 nullas
965 433 1193 477 devotiones,
1224 444 1293 469 nec
1326 431 1424 468 aliud

143 495 345 532 infelicibus
365 497 537 544 precibus
558 497 736 541 invocavi,
759 508 873 544 quam
899 503 936 531 ut
956 496 1052 532 hunc
1079 497 1260 543 optimum
1282 503 1424 543 patrem

109 572 126 603 5
145 565 195 603 tu,
222 558 371 604 Caesar,
400 571 475 604 vos,
505 566 638 608 patres,
667 560 854 596 servaretis
884 559 1120 596 incolumem.
1176 560 1227 595 sic
1256 570 1423 606 gemmas
1441 567 1462 595 2

142 629 179 658 et
199 630 315 659 vestes
336 628 372 660 et
392 623 577 671 dignitatis
604 623 761 670 insignia
788 623 882 666 dedi,
905 635 979 670 quo
1009 623 1124 658 modo
1152 623 1182 658 si
1208 622 1424 669 sanguinem

143 693 178 722 et
197 686 307 722 vitam
327 687 592 735 poposcissent.
648 686 801 722 viderint
822 687 888 726 isti,
915 685 1070 722 antehac
1089 686 1179 721 mihi
1204 686 1330 733 ignoti,
1350 697 1424 732 quo
1441 695 1461 722 3

141 749 292 787 nomine
331 750 413 794 sint,
455 762 546 798 quas
586 756 678 786 artes
720 759 936 786 exerceant:
979 749 1079 784 nulla
1121 749 1210 784 mihi
1249 749 1424 796 principis

141 814 280 850 mentio
318 814 387 849 nisi
426 814 518 849 inter
556 814 708 849 numina
749 812 826 849 fuit.
883 813 996 849 nescit
1036 819 1159 849 tamen
1198 813 1423 848 miserrimus

88 890 125 913 ιο
142 883 243 924 pater
265 883 310 921 et,
331 877 361 913 si
381 877 521 913 crimen
541 884 603 921 est,
626 877 704 913 sola
724 874 883 924 deliqui.'

192 944 255 978 32.
290 939 491 987 Loquentis
511 939 630 976 adhuc
651 941 761 976 verba
787 940 924 987 excipit
952 939 1117 976 Soranus
1143 939 1421 988 proclamatque

141 1014 217 1040 non
247 1003 344 1040 illam
370 1004 408 1039 in
436 1004 664 1052 provinciam
693 1015 820 1040 secum
847 1003 1062 1051 profectam,
1092 1015 1168 1038 non
1199 1003 1328 1039 Plauto
1358 1015 1423 1049 per

141 1072 297 1102 aetatem
336 1067 438 1103 nosci
476 1067 650 1115 potuisse,
688 1078 764 1103 non
802 1067 1015 1103 criminibus
1056 1067 1175 1102 mariti
1217 1077 1420 1103 conexam:

141 1128 274 1166 nimiae
308 1136 450 1165 tantum
482 1130 626 1177 pietatis
659 1142 761 1166 ream
792 1136 1013 1178 separarent,
1045 1136 1155 1177 atque
1183 1130 1260 1177 ipse
1291 1141 1421 1176 quam-

86 1206 121 1238 ¹5
141 1204 300 1241 cumque
320 1200 455 1230 sortem
477 1194 622 1230 subiret.
679 1194 786 1230 simul
807 1194 843 1229 in
864 1193 1057 1240 amplexus
1084 1193 1308 1229 occurrentis
1329 1193 1421 1228 filiae
1440 1201 1463 1228 2

140 1257 279 1301 ruebat,
321 1257 389 1292 nisi
432 1256 607 1293 interIecti
648 1257 792 1293 lictores
835 1257 1001 1304 utrisque
1043 1256 1278 1292 obstitissent.
1336 1267 1422 1292 mox

139 1319 246 1356 datus
266 1320 416 1356 testibus
440 1319 564 1363 locus;
594 1327 629 1355 et
650 1327 827 1368 quantum
849 1319 1120 1356 misericordiae
1147 1319 1294 1355 saevitia
1315 1331 1421 1355 accu-

139 1383 290 1419 sationis
316 1389 555 1431 permoverat,
582 1390 723 1419 tantum
748 1384 822 1419 irae
851 1383 891 1420 P.
917 1382 1097 1430 Egnatius
1126 1383 1226 1419 testis
1256 1382 1422 1418 concivit.

138 1446 251 1482 cliens
271 1445 328 1482 hic
357 1445 499 1490 Sorani,
519 1453 554 1481 et
581 1453 664 1482 tunc
690 1454 836 1494 emptus
863 1446 910 1482 ad
936 1446 1222 1493 opprimendum
1249 1446 1420 1489 amicum,
1440 1452 1460 1480 3

83 1523 123 1547 20
139 1509 393 1546 auctoritatem
429 1509 574 1546 Stoicae
611 1516 732 1545 sectae
766 1509 1006 1557 praeferebat,
1041 1509 1167 1545 habitu
1202 1515 1238 1544 et
1274 1520 1337 1545 ore
1376 1509 1422 1544 ad

139 1572 420 1620 exprimendam
452 1573 651 1620 imaginem
687 1572 832 1609 honesti
870 1573 1063 1616 exercitus,
1099 1577 1263 1609 ceterum
1296 1572 1422 1607 animo

139 1636 366 1684 perfidiosus,
387 1636 575 1680 subdolus,
598 1636 783 1672 avaritiam
805 1648 848 1672 ac
872 1636 1062 1671 libidinem
1083 1635 1274 1672 occultans
1287 1647 1296 1679 ;
1327 1647 1421 1683 quae

140 1706 336 1747 postquam
356 1700 515 1747 pecunia
535 1699 675 1735 reclusa
695 1707 789 1744 sunt,
812 1699 912 1734 dedit
933 1698 1144 1746 exemplum
1165 1698 1420 1745 praecavendi,

139 1774 214 1810 quo
247 1762 361 1799 modo
395 1762 582 1798 fraudibus
616 1762 800 1798 involutos
835 1772 896 1797 aut
932 1762 1078 1809 flagitiis
1117 1761 1420 1806 commaculatos,

84 1839 122 1871 ²5
140 1826 190 1862 sic
209 1827 330 1873 specie
349 1826 528 1862 bonarum
549 1826 679 1861 artium
698 1825 807 1861 salsos
827 1832 861 1861 et
884 1825 1063 1861 amicitiae
1083 1824 1239 1862 fallaces.

192 1892 254 1926 33.
285 1889 389 1925 Idem
417 1895 541 1925 tamen
567 1889 644 1925 dies
670 1895 704 1924 et
733 1888 928 1924 honestum
957 1888 1168 1935 exemplum
1197 1887 1277 1924 tulit
1305 1888 1423 1925 Cassii

140 1952 404 2000 Asclepiodoti,
427 1953 487 2000 qui
515 1951 769 1999 magnitudine
797 1963 912 1999 opum
938 1952 1158 1999 praecipuus
1184 1952 1276 1987 inter
1300 1951 1422 1999 Bithy-

140 2027 221 2059 nos,
243 2027 318 2063 quo
338 2016 518 2063 obsequio
538 2015 732 2051 florentem
760 2015 942 2051 Soranum
963 2015 1216 2059 celebraverat,
1238 2015 1423 2056 labentem

141 2090 218 2113 non
239 2078 404 2122 deseruit,
425 2084 630 2126 exutusque
651 2079 824 2114 omnibus
845 2078 1000 2114 fortunis
1021 2085 1056 2114 et
1075 2079 1112 2114 in
1140 2079 1289 2114 exilium
1309 2086 1420 2123 actuS,

84 2153 124 2183 30
142 2141 323 2188 aequitate
354 2141 465 2176 deum
496 2153 582 2188 erga
612 2141 711 2177 bona
741 2141 912 2186 malaque
943 2146 1175 2177 documenta.
1231 2141 1422 2178 Thraseae
1441 2151 1461 2178 2

143 2204 359 2251 Soranoque
379 2210 413 2239 et
436 2202 606 2239 Serviliae
633 2204 737 2239 datur
758 2204 885 2239 mortis
911 2204 1109 2240 arbitrium.
1168 2204 1362 2240 Helvidius
1387 2211 1422 2241 et
1441 2214 1461 2242 3

141 2266 324 2303 Paconius
350 2266 455 2302 Italia
481 2266 721 2313 depelluntur.
778 2265 984 2302 Montanus
1010 2267 1102 2314 patri
1129 2279 1328 2303 concessus
1355 2274 1419 2312 est,
1439 2280 1463 2308 4

142 2329 330 2377 praedicto
359 2340 405 2364 ne
435 2329 472 2364 in
501 2340 539 2364 re
570 2328 716 2376 publica
745 2327 948 2364 haberetur.
1003 2330 1277 2366 accusatoribus
1306 2329 1422 2378 Eprio

1171 2393 1193 2416 L
