1674 2653
124 211 200 236 m).
221 196 289 249 65]
493 203 639 234 LIBER
666 201 744 232 XV.
804 202 898 232 (Ἀρ.
929 205 1065 242 47-51·

86 284 180 344 5si1i
216 305 437 353 principium
474 304 564 340 tanti
601 303 773 339 facinoris
810 303 1046 350 capessivere.
1103 314 1189 338 nam
1223 300 1404 338 Scaevino

124 368 301 405 dissoluta
326 368 414 404 luxu
438 379 543 404 mens
567 374 602 403 et
625 367 777 414 proinde
801 367 873 402 vita
898 378 1031 402 somno
1059 366 1251 413 languida:
1284 365 1403 410 Quin-

123 432 243 468 tianus
259 432 409 468 mollitia
423 432 586 479 corporis
606 430 749 465 infamis
769 437 803 466 et
823 442 844 465 a
865 429 1015 466 Nerone
1037 431 1218 477 probroso
1239 429 1403 465 carmine

123 494 332 531 diffamatus
352 494 593 531 contumelias
613 494 729 529 ultum
752 493 837 529 ibat.

176 562 246 595 50.
275 557 374 605 Ergo
401 558 488 593 dum
514 557 651 593 scelera
677 556 866 604 principis,
891 562 927 592 et
951 556 1062 592 finem
1090 556 1218 592 adesse
1247 555 1401 603 imperio

123 620 433 669 deligendumque
455 621 517 668 qui
542 620 645 656 fessis
670 621 777 655 rebus
800 627 1036 663 succurreret,
1057 620 1149 656 inter
1169 632 1207 655 se
1228 627 1288 655 aut
1310 620 1403 655 inter

122 685 263 721 amicos
279 684 426 729 iaciunt,
443 684 687 731 adgregavere
705 683 899 719 Claudium
918 682 1174 726 Senecionem,
1192 683 1403 719 Cervarium

124 748 331 791 Proculum,
361 747 569 783 Vulcatium
600 747 804 791 Araricum,
831 746 967 782 Iulium
996 746 1242 793 Augurinum,
1270 746 1404 781 Muna-

124 811 215 846 tium
240 810 405 855 Gratum,
432 810 635 846 Antonium
661 810 843 853 Natalem,
867 809 1050 846 Marcium
1076 809 1237 853 Festum,
1262 810 1403 856 equites

85 882 105 909 2
126 874 331 911 Romanos.
386 886 431 910 ex
474 874 608 922 quibus
653 873 819 916 Senecio,
862 885 881 909 e
924 874 1120 920 praecipua
1162 872 1402 909 familiaritate

124 936 296 983 Neronis,
327 938 488 986 speciem
521 937 702 973 amicitiae
732 938 842 973 etiam
871 943 950 972 tum
978 937 1138 972 retinens
1167 948 1212 973 eo
1240 936 1403 984 pluribus

124 1002 292 1050 periculis
316 1001 615 1045 conflictabatur;
646 1000 790 1036 Natalis
814 1000 999 1048 particeps
1021 1000 1068 1036 ad
1091 1012 1202 1037 omne
1223 1006 1402 1036 secretum

85 1071 105 1098 3
126 1065 248 1102 Pisoni
269 1071 371 1110 erat5
401 1065 529 1101 ceteris
551 1076 633 1112 spes
653 1077 699 1100 ex
723 1065 827 1100 novis
851 1065 959 1100 rebus
983 1065 1185 1111 petebatur.
1241 1063 1402 1100 adscitae

125 1135 209 1165 sunt
232 1140 340 1176 super
365 1128 539 1164 Subrium
564 1136 598 1164 et
621 1127 837 1175 Sulpicium,
860 1127 904 1163 de
925 1128 1058 1175 quibus
1082 1127 1212 1171 rettuli,
1233 1127 1403 1163 militares

124 1203 269 1235 manus,
288 1191 424 1227 Gavius
442 1191 609 1227 Silvanus
625 1199 660 1227 et
678 1191 815 1227 Statius
832 1191 1027 1226 Proximus
1043 1190 1177 1226 tribuni
1196 1190 1402 1227 cohortium

124 1255 399 1302 praetoriarum,
438 1253 628 1290 Maximus
672 1253 829 1291 Scaurus
869 1260 904 1290 et
940 1253 1104 1290 Venetus
1146 1253 1279 1289 Paulus
1318 1266 1401 1290 cen-

83 1324 106 1352 4
125 1319 295 1354 turiones.
351 1318 417 1355 sed
454 1330 642 1354 summum
681 1319 791 1353 robur
829 1317 866 1352 in
904 1317 1043 1353 Faenio
1083 1317 1181 1353 Rufo
1218 1317 1403 1365 praefecto

123 1382 322 1427 videbatur,
347 1394 458 1430 quem
482 1383 553 1418 vita
578 1381 750 1429 famaque
779 1381 970 1417 laudatum
994 1393 1058 1429 per
1081 1382 1271 1417 saevitiam
1297 1382 1402 1429 inpu-

124 1446 357 1493 dicitiamque
390 1445 598 1493 Tigellinus
631 1446 668 1481 in
703 1445 828 1481 animo
860 1445 1034 1492 principis
1071 1446 1244 1490 anteibat,
1276 1445 1402 1493 fatiga-

125 1511 260 1558 batque
288 1509 606 1546 criminationibus
632 1521 674 1545 ac
702 1521 811 1556 saepe
838 1509 876 1544 in
906 1516 1044 1544 metum
1071 1509 1272 1546 adduxerat
1298 1510 1402 1558 quasi
1425 1522 1437 1541 2

124 1573 329 1609 adulterum
372 1574 596 1620 Agrippinae
634 1578 668 1608 et
713 1572 895 1608 desiderio
932 1573 1009 1608 eius
1047 1572 1173 1609 ultioni
1211 1574 1402 1610 intentum.

86 1643 106 1671 5
124 1637 232 1684 igitur
260 1637 321 1672 ubi
351 1636 546 1672 coniuratis
579 1636 804 1683 praesectum
837 1647 985 1684 quoque
1018 1637 1188 1683 praetorii
1217 1637 1251 1672 in
1281 1645 1403 1685 partes

126 1700 356 1736 descendisse
381 1700 511 1735 crebro
535 1699 649 1746 ipsius
674 1711 846 1735 sermone
869 1698 964 1735 facta
984 1700 1083 1744 fides,
1104 1701 1310 1748 promptius
1330 1702 1402 1736 iam

86 1770 107 1798 6
126 1763 170 1799 de
203 1770 367 1810 tempore
396 1775 438 1799 ac
466 1763 550 1799 loco
584 1762 705 1798 caedis
738 1763 936 1810 agitabant.
990 1770 1025 1799 et
1053 1764 1192 1811 cepisse
1227 1765 1402 1812 impetum

127 1827 279 1862 Subrius
326 1826 458 1862 Flavus
499 1826 682 1861 ferebatur
723 1827 760 1862 in
800 1838 936 1862 scaena
976 1834 1171 1863 canentem
1213 1827 1403 1864 Neronem

125 1890 373 1937 adgrediendi,
403 1897 465 1926 aut
497 1902 580 1926 cum
614 1890 766 1926 ardente
799 1890 911 1926 domo
944 1902 1008 1937 per
1041 1898 1189 1927 noctem
1218 1891 1292 1928 huc
1319 1892 1402 1928 illuc

87 1963 107 1993 7
126 1960 286 1990 cursaret
319 1954 572 1990 incustoditus.
628 1953 688 1989 hic
721 1953 869 1989 occasio
903 1953 1119 1998 solitudinis,
1148 1955 1197 1990 ibi
1225 1955 1304 2002 ipsa
1335 1955 1403 1991 fre-

127 2017 275 2064 quentia
311 2018 399 2053 tanti
433 2017 575 2053 decoris
609 2017 721 2068 testis·
746 2016 992 2064 pulcherrima
1027 2018 1193 2053 animum
1230 2019 1403 2054 exstimu-

127 2081 299 2122 laverant,
327 2080 396 2117 nisi
425 2081 651 2128 impunitatis
680 2080 815 2128 cupido
844 2080 1060 2125 retinuisset,
1086 2081 1231 2129 magnis
1257 2093 1404 2130 semper

127 2145 318 2180 conatibus
338 2144 499 2180 adversa.

180 2212 240 2244 51.
270 2206 421 2242 Interim
439 2207 696 2244 cunctantibus
715 2206 1053 2255 prolatantibusque
1074 2219 1178 2255 spem
1201 2220 1243 2245 ac
1262 2215 1403 2245 metum

126 2269 318 2317 Epicharis
338 2270 530 2317 quaedam,
548 2271 729 2306 incertum
749 2281 914 2317 quonam
934 2271 1049 2306 modo
1070 2271 1250 2307 sciscitata
1267 2270 1404 2322 (neque

127 2333 177 2369 illi
203 2339 288 2370 ante
316 2333 388 2369 ulla
420 2343 542 2369 rerum
576 2333 814 2369 honestarum
848 2344 934 2370 cura
966 2332 1109 2384 fuerat),
1141 2334 1342 2371 accendere
1369 2342 1404 2371 et

1424 886 1462 907 10

1422 2154 1461 2184 30
