1674 2653
2 2354 7 2398 .-.-
2 2286 8 2346 ψη...
2 2122 10 2278 ..ut-..ramw-

142 190 218 215 Μ).
238 175 308 228 63]
496 182 645 212 LIBER
673 181 751 212 XV.
810 181 907 212 CAP.
939 185 1076 222 25-29.

103 291 123 318 3
143 283 244 326 scire,
285 288 464 330 quantum
497 282 595 317 intus
628 281 894 317 discordiarum
933 292 1124 330 quamque
1157 280 1356 316 indomitas
1388 286 1424 316 et

142 345 372 392 praeferoces
387 346 554 381 nationes
570 351 711 392 regeret
728 358 735 381 :
766 352 896 380 contra
914 344 1128 392 imperatori
1147 356 1214 380 suo
1228 344 1424 380 immotam

101 409 276 455 4ubique
313 420 444 456 pacem
482 415 518 444 et
555 420 671 443 unum
710 408 745 443 id
788 408 924 444 bellum
963 420 1055 444 esse.
1112 407 1221 444 simul
1267 407 1423 443 consilio

142 479 318 508 terrorem
338 472 492 516 adicere,
513 479 548 507 et
568 472 790 518 megistanas
819 471 1028 515 Armenios,
1051 471 1113 519 qui
1137 471 1245 518 primi
1267 483 1288 506 a
1317 470 1424 507 nobis

142 535 359 579 defecerant,
376 535 475 582 pellit
495 535 656 579 sedibus,
674 534 822 571 castella
844 547 973 570 eorum
989 534 1163 579 excindit,
1184 534 1295 582 plana
1315 534 1421 578 edita,
1441 542 1459 573 5

141 597 281 633 validos
301 597 553 645 invalidosque
573 598 651 645 pari
673 604 773 633 metu
793 597 965 645 complet.

194 665 258 696 28.
288 660 376 696 Non
399 661 581 696 infensum
603 673 671 697 nec
692 672 778 697 cum
799 660 919 697 hostili
938 661 1025 698 odio
1042 661 1265 698 Corbulonis
1285 673 1422 697 nomen

141 725 249 760 etiam
296 725 459 760 barbaris
508 724 721 768 habebatur,
769 736 887 773 eoque
939 726 1132 761 consilium
1180 727 1256 761 eius
1307 725 1422 760 fidum

141 788 348 824 credebant.
403 800 491 835 ergo
529 787 736 835 Vologeses
775 800 895 836 neque
934 795 1039 825 atrox
1078 789 1115 824 in
1153 800 1349 831 summam,
1387 794 1422 824 et

143 852 364 898 quibusdam
384 852 621 899 praefecturis
641 852 799 888 indutias
813 852 921 900 petit:
952 852 1139 888 Tiridates
1160 852 1283 888 locum
1308 852 1420 888 diem·
1444 866 1481 887 10

103 927 124 955 2
143 926 214 963 que
242 915 442 962 conloquio
470 916 600 962 poscit.
656 921 803 963 tempus
833 916 1096 963 propinquum,
1128 916 1242 960 locus,
1278 916 1313 951 in
1348 927 1422 963 quo

143 989 258 1025 nuper
281 978 452 1014 obsessae
482 990 566 1013 curn
597 978 710 1014 Paeto
738 978 904 1026 legiones
929 987 1043 1024 erant,
1069 979 1232 1015 barbaris
1261 978 1422 1015 delectus

107 1048 110 1051 ’
142 1047 196 1077 est
215 1042 265 1077 ob
284 1042 503 1077 memoriam
528 1041 684 1077 laetioris
705 1042 772 1077 sibi
798 1042 859 1087 rei,
881 1041 1085 1078 Corbuloni
1110 1054 1184 1078 non
1212 1043 1355 1086 vitatus,
1382 1048 1422 1077 ut

103 1110 122 1137 3
142 1104 400 1141 dissimilitudo
421 1104 589 1140 fortunae
609 1104 765 1151 gloriam
786 1113 946 1152 augeret.
1004 1117 1124 1153 neque
1150 1105 1300 1141 infamia
1320 1104 1420 1141 Paeti

142 1169 356 1214 angebatur,
390 1168 490 1215 quod
523 1180 569 1204 eo
603 1169 763 1204 maxime
797 1169 922 1216 patuit,
951 1170 1036 1216 quia
1066 1168 1139 1204 filio
1168 1169 1245 1205 eius
1275 1170 1421 1204 tribuno
1443 1181 1478 1211 15

142 1228 276 1264 ducere
318 1229 527 1276 manipulos
573 1236 682 1276 atque
724 1229 868 1276 operire
908 1229 1075 1276 reliquias
1117 1229 1235 1266 malae
1273 1241 1421 1277 pugnae

101 1292 344 1339 4imperavit.
399 1292 458 1328 die
496 1298 603 1339 pacta
641 1291 814 1328 Tiberius
851 1292 1072 1338 Alexander,
1113 1293 1270 1329 inlustris
1307 1304 1420 1341 eques

142 1354 347 1400 Romanus,
375 1356 540 1391 minister
567 1355 661 1392 bello
689 1355 807 1401 datus,
829 1362 863 1391 et
887 1355 1104 1392 Vinicianus
1125 1356 1280 1400 Annius,
1308 1368 1422 1403 gener

142 1418 375 1463 Corbulonis,
406 1418 572 1454 nondum
602 1419 784 1455 senatoria
808 1425 925 1455 aetate
953 1426 1006 1455 set
1032 1431 1100 1466 pro
1128 1419 1250 1466 legato
1274 1420 1421 1467 quintae

141 1481 276 1528 legioni
297 1482 490 1529 inpositus,
511 1482 547 1517 in
569 1489 688 1517 castra
704 1481 877 1518 Tiridatis
897 1494 1040 1527 venere,
1062 1482 1195 1518 honori
1214 1483 1292 1518 eius
1312 1495 1354 1519 ac
1374 1495 1420 1518 ne
1441 1497 1480 1518 20

141 1551 319 1581 metueret
336 1545 484 1581 insidias
505 1545 563 1581 tali
580 1546 735 1593 pignore
751 1558 761 1591 5
791 1546 908 1581 viceni
922 1545 1054 1581 dehinc
1068 1546 1207 1593 equites
1223 1546 1420 1593 adsumpti.

101 1618 122 1645 5
141 1615 176 1644 et
208 1609 284 1644 viso
317 1608 531 1644 Corbulone
566 1621 628 1644 rex
666 1609 764 1656 prior
801 1620 900 1656 equo
931 1609 1098 1654 desiluit3
1129 1621 1197 1645 nec
1231 1616 1420 1646 cunctatus

142 1671 319 1716 Corbulo,
350 1672 413 1708 sed
442 1672 554 1719 pedes
585 1678 737 1720 uterque
767 1672 938 1708 dexteras
966 1673 1157 1708 miscuere.

194 1738 256 1770 29.
284 1734 395 1770 Exim
423 1734 617 1771 Romanus
643 1735 767 1770 laudat
793 1735 962 1771 iuvenem
989 1736 1135 1772 omissis
1161 1736 1420 1784 praecipitibus

102 1804 218 1833 2tuta
255 1803 290 1833 et
327 1798 497 1833 salutaria
535 1805 801 1845 capessentem.
858 1798 916 1834 ille
958 1798 1004 1834 de
1046 1799 1235 1835 nobilitate
1277 1800 1421 1847 generis
1441 1813 1477 1845 25

141 1860 296 1896 multum
343 1860 535 1908 praefatus,
582 1868 702 1898 cetera
751 1868 999 1909 temperanter
1044 1862 1233 1909 adiungit:
1286 1863 1419 1898 iturum

141 1924 279 1972 quippe
322 1924 485 1960 Romam
527 1925 760 1973 laturumque
802 1937 941 1961 novum
982 1925 1132 1961 Caesari
1176 1926 1299 1970 decus,
1341 1938 1420 1962 non

102 1994 123 2023 3
142 1987 300 2023 adversis
321 1987 539 2023 Parthorum
561 1989 671 2024 rebus
691 1988 896 2036 supplicem
918 1988 1131 2024 Arsaciden.
1186 1995 1265 2024 tum
1285 1989 1420 2037 placuit

142 2051 332 2088 Tiridaten
352 2063 490 2098 ponere
518 2052 615 2099 apud
642 2052 799 2099 effigiem
825 2052 993 2089 Caesaris
1020 2053 1164 2100 insigne
1187 2054 1330 2101 regium
1349 2066 1420 2090 nee

143 2115 212 2150 nisi
231 2127 344 2151 manu
365 2114 526 2151 Neronis
546 2127 751 2159 resumere3
782 2122 816 2151 et
841 2116 1083 2164 conloquium
1108 2115 1237 2153 osculo
1263 2117 1418 2152 finitum.
1439 2129 1479 2159 30

102 2181 126 2209 4
143 2177 227 2213 dein
247 2178 376 2225 paucis
402 2178 531 2214 diebus
557 2178 765 2223 interiectis,
794 2190 932 2225 magna
958 2179 1141 2227 utrimque
1170 2180 1302 2226 specie,
1333 2180 1420 2216 inde

141 2252 255 2288 eques
291 2241 518 2288 compositus
554 2252 619 2288 per
661 2247 799 2276 turmas
835 2248 870 2277 et
908 2241 1115 2288 insignibus
1157 2243 1290 2289 patriis,
1333 2242 1419 2278 hinc

142 2303 290 2350 agmina
329 2303 517 2351 legionum
555 2309 686 2340 stetere
724 2302 948 2350 fulgentibus
989 2305 1119 2352 aquilis
1158 2305 1346 2354 signisque
1383 2312 1419 2342 et
