1674 2653
118 215 195 240 mn.
215 200 285 252 64]
482 206 627 236 LIBER
655 205 733 235 XV.
791 205 888 235 CAP.
918 208 1054 245 43-47-

118 315 154 346 ct
180 309 340 345 circense
363 307 546 344 ludicrum
571 306 712 350 edebat,
744 305 868 341 habitu
898 305 1047 352 aurigae
1072 304 1273 353 permixtus
1296 302 1395 351 plebi

78 385 101 412 8
119 372 173 408 vel
193 371 373 408 curriculo
392 371 573 406 insistens.
630 369 728 404 unde
758 359 985 416 quamquam
1012 368 1185 404 adversus
1209 374 1334 404 sontes
1360 372 1396 402 et

118 435 318 472 novissima
337 433 507 481 exempla
526 432 675 468 meritos
694 432 880 467 miseratio
901 431 1095 475 oriebatur,
1111 438 1301 479 tamquam
1321 442 1397 467 non

118 498 269 534 utilitate
289 497 435 545 publica
455 496 519 533 sed
542 496 580 531 in
600 495 787 532 saevitiam
806 495 914 532 unius
934 496 1222 531 absumerentur.

171 564 239 598 45.
269 561 415 596 Interea
450 558 683 596 conferendis
721 559 886 606 pecuniis
923 564 1127 606 pervastata
1163 558 1277 601 Italia,
1311 569 1434 605 pro-5

119 624 260 660 vinciae
296 635 443 659 eversae
480 623 642 670 sociique
675 622 802 669 populi
836 628 872 657 et
904 633 999 668 quae
1032 622 1229 658 civitatium
1263 621 1397 657 liberae

27 681 33 718 l
82 693 103 722 2
121 691 306 722 vocantur.
362 684 473 732 inque
496 695 578 719 eam
602 682 779 730 praedam
803 682 912 718 etiam
937 682 972 717 di
997 694 1150 725 cessere,
1174 682 1337 729 spoliatis
1361 682 1398 716 in

23 2133 30 2169 i

120 749 211 784 urbe
248 747 393 796 templis
430 753 629 795 egestoque
666 757 768 791 auro,
802 745 903 794 quod
936 745 1138 793 triumphis,
1174 744 1274 793 quod
1307 745 1400 780 votis

120 812 242 848 omnis
265 811 394 860 populi
419 810 580 847 Romani
605 817 703 846 aetas
726 821 899 857 prospere
923 815 984 845 aut
1004 809 1042 844 in
1059 815 1160 844 metu
1184 815 1398 844 sacraverat.

81 885 102 913 3
120 877 307 911 enimvero
336 886 401 922 per
427 874 556 910 Asiam
586 879 695 921 atque
722 872 900 909 Achaiam
931 884 1008 908 non
1037 872 1135 908 dona
1163 877 1306 908 tantum
1335 870 1399 907 sed
1422 886 1459 908 ιο

121 938 316 974 simulacra
348 938 543 973 numinum
573 936 859 984 abripiebantur,
889 936 1009 972 missis
1037 936 1074 971 in
1102 947 1165 972 eas
1194 934 1400 983 provincias

81 1010 104 1038 4
122 1001 259 1038 Acrato
279 1013 321 1038 ac
342 1000 515 1036 Secundo
536 999 736 1036 Carrinate.
784 999 842 1035 ille
858 999 1005 1035 libertus
1026 999 1247 1045 cuicumque
1263 997 1400 1045 flagitio

121 1072 324 1113 promptus,
352 1064 411 1101 hic
437 1064 582 1101 Graeca
611 1064 779 1100 doctrina
805 1075 866 1099 ore
893 1070 1000 1099 tenus
1025 1063 1207 1099 exercitus
1236 1063 1400 1097 animum

28 1134 29 1138 ’
82 1136 102 1164 5
122 1129 230 1164 bonis
252 1129 389 1164 artibus
412 1139 488 1163 non
511 1127 689 1163 inbuerat.
744 1126 927 1162 ferebatur
952 1126 1102 1170 Seneca,
1129 1137 1205 1174 quo
1230 1125 1401 1161 invidiam

123 1192 301 1239 sacrilegii
317 1203 337 1226 a
354 1198 468 1227 semet
488 1197 675 1234 averteret,
697 1190 890 1237 longinqui
912 1190 1003 1225 ruris
1024 1201 1212 1226 secessum
1228 1188 1399 1232 oravisse,
1422 1203 1458 1234 15

123 1261 159 1292 et
182 1261 378 1303 postquam
401 1266 477 1290 non
502 1253 784 1297 concedebatur,
810 1253 894 1289 ficta
918 1252 1136 1296 valetudine,
1162 1252 1266 1300 quasi
1293 1264 1402 1299 aeger

84 1325 106 1353 6
125 1319 254 1362 nervis,
276 1317 485 1354 cubiculum
509 1329 585 1353 non
609 1328 789 1364 egressus.
846 1316 1026 1352 tradidere
1047 1316 1198 1364 quidam
1217 1326 1402 1351 venenum

123 1382 155 1418 ei
184 1394 248 1429 per
275 1381 444 1417 libertum
471 1380 594 1428 ipsius,
622 1379 680 1416 cui
706 1391 844 1416 nomen
871 1379 1081 1423 Cleonicus,
1108 1386 1273 1426 paratam
1300 1378 1401 1414 iussu

123 1445 281 1482 Neronis
308 1445 533 1491 vitatumque
560 1456 582 1479 a
608 1443 750 1480 Seneca
778 1444 985 1491 proditione
1014 1442 1131 1478 liberti
1160 1453 1224 1478 seu
1253 1441 1402 1488 propria

123 1509 328 1553 formidine,
358 1508 446 1544 dum
475 1507 696 1555 persimplici
723 1507 820 1543 victu
848 1513 883 1542 et
912 1506 1118 1554 agrestibus
1144 1505 1276 1553 pomis,
1302 1516 1345 1540 ac
1372 1504 1401 1540 si
1422 1518 1460 1539 20

123 1573 197 1608 sitis
217 1572 443 1614 admoneret,
466 1570 670 1618 profluente
690 1582 786 1618 aqua
805 1571 915 1606 vitam
937 1569 1076 1606 tolerat.

174 1639 241 1673 46.
272 1635 340 1671 Per
359 1635 457 1670 idem
476 1642 620 1682 tempus
643 1634 864 1682 gladiatores
887 1633 985 1681 apud
1005 1632 1185 1681 oppidum
1205 1632 1401 1668 Praeneste

122 1705 299 1747 temptata
340 1698 531 1746 eruptione
572 1697 754 1745 praesidio
798 1697 930 1740 militis,
973 1697 1035 1744 qui
1080 1703 1205 1732 custos
1246 1696 1399 1738 adesset,

122 1762 269 1798 coerciti
311 1768 404 1805 sunt,
443 1761 516 1796 iarn
559 1760 778 1808 Spartacum
819 1767 853 1796 et
890 1766 1013 1796 vetera
1054 1758 1151 1795 mala
1191 1759 1401 1794 rumoribus

123 1825 261 1861 serente
293 1824 444 1872 populo,
473 1829 513 1859 ut
541 1831 595 1860 est
623 1835 802 1860 novarum
833 1834 954 1858 rerum
982 1823 1134 1870 cupiens
1161 1821 1399 1869 pavidusque.
1422 1833 1458 1864 25

84 1896 105 1924 2
123 1899 191 1924 nec
211 1888 328 1924 multo
347 1894 430 1935 post
450 1887 573 1923 clades
593 1887 643 1923 rei
664 1886 802 1922 navalis
824 1886 1008 1933 accipitur,
1028 1897 1105 1921 non
1125 1885 1223 1921 bello
1248 1882 1400 1932 (quippe

123 1950 219 1986 haud
249 1951 338 1987 alias
364 1956 439 1986 tarn
466 1951 619 1986 immota
645 1950 745 1997 pax),
773 1950 838 1985 sed
863 1956 1004 1986 certum
1030 1948 1076 1984 ad
1102 1948 1201 1984 diem
1227 1948 1264 1984 in
1290 1947 1402 1984 Carn-

122 2014 271 2062 paniam
308 2013 424 2050 redire
463 2014 618 2050 classem
656 2012 757 2049 Nero
791 2013 954 2056 iusserat,
987 2023 1065 2047 non
1098 2011 1259 2059 exceptis
1290 2010 1400 2046 maris

83 2078 281 2116 scasibus.
327 2089 416 2124 ergo
452 2077 730 2123 gubernatores,
769 2075 937 2123 quamvis
976 2075 1159 2111 saeviente
1197 2073 1341 2121 pelago,
1381 2086 1402 2109 a

123 2139 282 2175 Formiis
300 2151 469 2175 movere:
499 2145 534 2175 et
561 2138 662 2186 gravi
682 2138 818 2181 Africo,
841 2138 929 2173 dum
948 2137 1243 2185 promunturium
1264 2136 1398 2172 Miseni
1421 2148 1460 2178 50

123 2214 296 2250 superare
333 2201 573 2245 contendunt,
609 2201 787 2237 Cumanis
824 2200 988 2237 litoribus
1026 2199 1162 2247 inpacti
1199 2198 1400 2235 triremium

122 2265 316 2313 plerasque
335 2272 369 2300 et
389 2264 532 2300 minora
551 2263 697 2310 navigia
716 2263 853 2311 passim
873 2263 1082 2298 amiserunt.

174 2331 242 2365 47.
272 2326 361 2363 Fine
389 2327 476 2362 anni
504 2326 698 2373 vulgantur
726 2325 904 2374 prodigia,
933 2325 1190 2361 inminentium
1218 2324 1400 2360 malorum
