1674 2653
532 171 760 202 CORNELII
789 171 954 203 TACITI
976 171 1244 203 ANNALJUM
1293 163 1433 217 [A.U.C.
1453 173 1525 204 811.

256 271 526 308 Hermunduris
550 283 777 319 prosperum,
799 272 941 308 Chattis
963 272 1149 309 exitiosius
1168 272 1244 317 suit,
1266 272 1351 320 quia
1378 271 1530 308 victores

254 336 434 372 diversam
462 335 579 371 aciem
600 334 710 370 Marti
738 347 780 371 ac
809 334 994 371 Mercurio
1014 348 1213 381 sacravere,
1233 348 1308 384 quo
1334 342 1419 372 voto
1445 335 1529 382 equi

255 399 329 444 viri,
350 405 484 435 cuncta
502 400 582 435 viva
606 398 789 434 occidioni
810 399 951 434 dantur.
1007 406 1042 435 et
1068 402 1188 436 minae
1208 400 1357 447 quidem
1382 399 1528 435 hostiles
1547 405 1569 432 4

253 463 290 498 in
318 463 418 510 ipsos
445 463 644 498 vertebant.
700 462 764 498 sed
798 463 920 498 civitas
954 462 1134 499 Ubiorum
1168 464 1268 500 socia
1296 463 1404 498 nobis
1431 463 1528 498 mato

218 526 439 573 5inproviso
480 525 625 562 adflicta
665 532 730 561 est.
785 538 871 561 nam
908 526 1011 574 ignes
1049 532 1142 562 terra
1180 526 1267 562 editi
1307 526 1405 561 villas
1445 531 1566 561 arva5

254 589 352 625 vicos
390 589 525 636 passim
564 588 810 637 corripiebant
848 588 1128 639 ferebanturque
1166 589 1203 625 in
1241 590 1320 637 ipsa
1357 589 1528 624 conditae

254 664 370 700 nuper
408 652 574 688 coloniae
611 652 767 688 moenia.
823 664 940 699 neque
978 653 1142 700 extingui
1180 659 1356 700 poterant,
1391 664 1466 687 non
1499 652 1568 686 sie

252 715 386 751 imbies
413 715 593 761 caderent,
621 726 697 751 non
723 715 923 751 fluvialibus
949 716 1053 763 aquis
1078 723 1140 752 aut
1165 728 1240 763 quo
1265 715 1335 751 alio
1360 715 1525 760 humore,

254 779 373 815 donec
410 778 535 826 inopia
575 778 819 814 remediorum
857 785 893 814 et
930 778 981 814 ira
1020 778 1134 814 eladis
1172 785 1335 826 agrestes
1376 779 1526 826 quidam

199 854 235 876 10
255 842 397 878 eminus
443 854 532 878 saxa
578 842 708 886 iacere,
755 842 838 877 dein
886 842 1134 878 resistentibus
1179 842 1339 877 flammis
1377 842 1526 889 propius

253 904 434 953 suggressi
465 905 537 941 ictu
570 904 719 940 fustium
757 904 908 952 aliisque
944 905 1155 941 verberibus
1192 911 1232 940 ut
1261 905 1352 940 feras
1389 905 1521 941 abster-

254 969 403 1005 rebant:
445 974 633 1015 postremo
661 967 824 1015 tegmina
849 967 993 1014 corpori
1022 967 1172 1015 derepta
1200 967 1359 1012 iniciunt,
1387 975 1526 1015 quanto
1544 970 1564 1000 7

253 1031 370 1078 magis
388 1030 543 1079 profana
562 1038 597 1067 et
617 1043 684 1066 usu
705 1031 853 1078 polluta,
875 1037 976 1066 tanto
997 1031 1114 1078 magis
1134 1042 1353 1078 oppressura
1372 1030 1485 1078 ignes.

305 1098 373 1130 58.
403 1094 548 1130 Eodem
582 1106 681 1130 anno
708 1093 943 1130 Ruminalem
976 1095 1145 1130 arborem
1176 1094 1212 1129 in
1243 1094 1402 1137 comitio,
1433 1105 1526 1142 quae

199 1169 232 1199 15
253 1158 484 1204 octingentos
504 1164 539 1193 et
559 1158 705 1205 triginta
724 1163 807 1192 ante
827 1169 945 1193 annos
970 1156 1078 1193 Remi
1099 1156 1321 1204 Romulique
1337 1156 1525 1192 infantiam

252 1226 400 1263 texerat,
431 1221 585 1255 mortuis
618 1220 816 1256 ramalibus
849 1228 884 1256 et
915 1227 1101 1256 arescente
1135 1226 1266 1255 trunco
1299 1220 1525 1255 deminutam

252 1283 410 1331 prodigii
430 1283 513 1319 loco
532 1282 697 1318 habitum
718 1289 782 1325 est,
805 1282 924 1318 donec
943 1283 980 1318 in
1001 1295 1114 1319 novos
1136 1282 1226 1318 fetus
1246 1282 1489 1319 revivesceret.
