1674 2653
507 175 735 205 CORNELII
766 175 929 205 TACJTI
953 175 1220 205 ANNALIUM
1271 167 1405 219 [A.U.c.
1426 176 1498 216 815.

227 274 310 310 licet
326 274 439 311 multa
451 275 651 320 videantur,
672 276 837 324 plerique
854 276 1142 324 haudquaquam
1158 277 1296 312 artibus
1311 276 1380 312 tuis
1394 287 1499 324 pares

227 337 331 384 plura
357 344 562 374 tenuerunt.
618 339 731 386 pudet
755 338 886 375 referre
915 340 1111 383 libertinos,
1134 340 1195 387 qui
1220 339 1367 375 ditiores
1396 350 1500 386 spec-
1517 347 1556 377 7·

226 407 368 436 tantur:
405 401 502 437 unde
522 402 632 437 etiam
655 402 744 437 mihi
765 402 889 438 rubori
909 409 963 439 est
988 402 1088 450 quod
1114 402 1333 450 praecipuus
1353 402 1500 437 caritate

227 464 394 499 nondum
415 475 545 501 omnes
564 464 710 501 fortuna
730 466 927 502 antecellis.

191 543 209 574 5
281 531 348 563 56.
380 527 538 563 ‘Verum
559 535 594 564 et
614 529 676 564 tibi
697 529 815 564 valida
836 537 935 566 aetas
955 530 1138 578 rebusque
1164 535 1200 566 et
1221 529 1353 565 fructui
1379 539 1499 564 rerum

228 589 420 634 sufficiens,
448 597 483 626 et
506 602 573 627 nos
602 592 718 639 prima
747 592 887 639 imperii
912 593 1027 639 spatia
1055 592 1290 639 ingredimur,
1318 592 1385 628 nisi
1409 591 1500 627 sorte

227 660 289 689 aut
307 660 342 689 te
363 653 513 690 Vitellio
532 661 587 690 ter
605 655 746 691 consuli
766 662 826 690 aut
847 667 905 691 me
927 655 1082 691 Claudio
1106 655 1308 703 postponiS‚
1330 661 1365 691 et
1384 666 1500 702 quan-

227 724 304 752 tum
333 716 488 754 Volusio
516 717 627 765 longa
654 719 877 766 parsimonia
901 719 1087 766 quaesivit,
1118 725 1261 754 tantum
1290 719 1326 753 in
1354 724 1388 753 te
1417 729 1501 752 mea

227 780 421 816 liberalitas
434 781 580 829 explere
600 793 675 818 non
696 788 827 829 potest.
883 782 982 829 quin,
997 782 1025 817 si
1047 794 1119 830 qua
1139 782 1176 817 in
1195 788 1296 829 parte
1317 781 1497 817 lubricum
1516 787 1537 814 2

172 858 210 880 10
227 843 495 879 adulescentiae
532 851 677 881 nostrae
715 845 882 889 declinat,
924 856 1074 881 revocas
1108 852 1355 891 ornatumque
1392 845 1501 880 robur

228 906 391 942 subsidio
421 907 608 954 inpensius
634 908 755 954 regis?
812 920 885 943 non
918 915 979 943 tua
1003 908 1218 952 moderatio,
1248 908 1276 943 si
1303 907 1501 943 reddideris
1518 914 1539 942 3

227 970 434 1016 pecuniam,
449 982 518 1006 nec
531 971 644 1018 quieS,
667 972 695 1006 si
716 971 900 1018 reliqueris
921 971 1137 1018 principem,
1158 970 1221 1006 sed
1240 982 1324 1006 mea
1344 970 1500 1013 avaritia,

228 1043 331 1068 meae
358 1033 578 1069 crudelitatis
601 1040 719 1070 metus
742 1034 779 1069 in
804 1046 866 1070 ore
892 1034 1057 1070 omnium
1085 1034 1294 1070 versabitur.
1350 1033 1451 1082 quod
1473 1033 1502 1068 si
1520 1039 1543 1067 4

227 1096 386 1131 maxime
416 1097 639 1133 continentia
667 1104 728 1132 tua
764 1097 937 1140 laudetur,
967 1109 1042 1133 non
1073 1103 1195 1133 tamen
1235 1097 1391 1144 sapienti
1426 1096 1503 1131 viro

173 1172 208 1204 15
228 1159 400 1195 decorum
422 1159 537 1204 fuerit,
557 1160 655 1196 unde
677 1160 797 1196 amico
818 1160 1005 1196 infamiam
1025 1166 1137 1208 paret,
1158 1160 1243 1196 inde
1263 1160 1417 1207 gloriam
1437 1159 1503 1196 sibi

228 1222 411 1270 recipere.²
468 1223 521 1259 his
551 1223 659 1259 adicit
685 1224 922 1271 complexum
947 1230 981 1260 et
1008 1224 1146 1268 oscula,
1176 1224 1290 1259 sactus
1319 1230 1446 1259 natura
1468 1229 1502 1259 et
1520 1229 1541 1257 5

229 1283 496 1319 consuetudine
533 1285 714 1320 exercitus
750 1284 868 1320 velare
906 1284 1030 1320 odium
1076 1284 1263 1320 fallacibus
1308 1283 1502 1320 blanditiis.

229 1346 381 1391 Seneca,
425 1347 488 1394 qui
538 1348 618 1383 finis
665 1348 833 1383 omnium
885 1360 969 1384 cum
1016 1348 1230 1384 dominante
1276 1359 1500 1391 sermonum,
1521 1355 1543 1384 6

227 1417 347 1458 grates
362 1411 435 1458 agit
453 1424 460 1446 :
491 1411 556 1447 sed
572 1411 736 1447 instituta
750 1412 879 1459 prioris
899 1411 1084 1458 potentiae
1098 1417 1312 1455 commutat,
1333 1410 1503 1458 prohibet

171 1491 210 1513 20
227 1482 352 1510 coetus
381 1474 627 1518 salutantium,
652 1476 738 1511 vitat
767 1475 987 1518 comitantis,
1009 1486 1109 1510 rarus
1138 1486 1202 1522 per
1228 1475 1368 1518 urbem,
1398 1473 1503 1521 quasi

227 1537 431 1574 valetudine
451 1537 591 1574 infensa
611 1545 672 1574 aut
693 1539 892 1586 sapientiae
913 1538 1040 1574 studiis
1061 1538 1162 1574 domi
1182 1537 1412 1573 adtineretur.

279 1605 343 1638 57.
374 1600 547 1637 Perculso
574 1600 715 1637 Seneca
744 1609 956 1649 promptum
984 1601 1050 1637 suit
1079 1600 1217 1637 Rufum
1242 1600 1420 1637 Faenium
1448 1600 1502 1636 in*

226 1664 390 1699 minuere
410 1664 636 1712 Agrippinae
655 1665 853 1701 amicitiam
873 1665 909 1700 in
928 1676 972 1701 eo
993 1664 1280 1700 criminantibus.
1334 1664 1503 1700 validior-

227 1739 299 1775 que
323 1728 360 1762 in
384 1727 460 1763 dies
490 1727 694 1775 Tigellinus
720 1735 755 1764 et
781 1728 895 1763 malas
923 1736 1029 1772 artes,
1058 1728 1191 1774 quibus
1215 1728 1302 1763 solis
1329 1727 1500 1775 pollebat,

169 1807 205 1837 ²5
228 1788 402 1835 gratiores
429 1795 536 1832 ratus,
561 1789 589 1824 si
614 1789 817 1836 principem
840 1789 1015 1824 societate
1042 1787 1219 1824 scelerum
1246 1788 1500 1835 obstringeret,

227 1857 346 1887 metus
365 1852 443 1887 eius
463 1850 637 1896 rimatur-3
668 1857 919 1898 compertoque
941 1850 1109 1886 Plautum
1129 1858 1163 1887 et
1184 1850 1321 1887 Sullam
1341 1851 1501 1887 maxime

227 1914 355 1959 timeri,
383 1913 552 1950 Plautum
580 1914 616 1949 in
636 1914 774 1958 Asiam,
800 1913 939 1950 Sullam
965 1914 1002 1949 in
1029 1912 1187 1949 Galliam
1217 1913 1499 1950 Narbonensem

227 1988 343 2024 nuper
355 1983 509 2020 amotos,
531 1977 757 2014 nobilitatem
774 1988 902 2013 eorum
918 1983 952 2012 et
972 1976 1203 2024 propinquos
1221 1975 1305 2013 huic
1326 1976 1497 2021 Orientis,

226 2039 275 2075 illi
296 2039 517 2076 Germaniae
543 2040 724 2076 exercitus
754 2046 1032 2075 commemorat.
1088 2050 1164 2074 non
1192 2050 1244 2084 se,
1270 2046 1308 2075 ut
1329 2038 1495 2084 Burrum,
1513 2045 1535 2076 2

171 2122 210 2153 30
228 2103 386 2139 diversas
415 2114 510 2150 spes,
540 2102 605 2139 sed
641 2103 756 2139 solam
794 2102 1082 2138 incolumitatem
1112 2100 1271 2138 Neronis
1308 2109 1498 2148 specta1·e;

229 2166 286 2202 cui
323 2166 440 2201 caveri
477 2171 676 2212 utcumque
716 2165 762 2200 ab
799 2164 946 2200 urbanis
984 2164 1122 2200 insidiis
1152 2165 1333 2211 praesenti
1362 2176 1496 2212 opera:

227 2227 454 2275 longinquos
480 2233 601 2263 motus
621 2238 786 2274 quonam
810 2226 923 2262 modo
944 2226 1139 2273 comprimi
1166 2228 1306 2274 posse?
1360 2233 1498 2263 erectas
1516 2237 1536 2264 3

228 2287 366 2324 Galilas
394 2287 441 2324 ad
469 2299 606 2324 nomen
635 2286 879 2331 dictatorium,
912 2297 980 2322 nec
1010 2286 1131 2321 minus
1160 2297 1359 2334 suspensos
1386 2286 1497 2323 Asiae
