1674 2653
545 187 774 218 CORNELII
803 188 969 218 TACJTJ
991 188 1260 218 ANNALIUM
1312 180 1445 233 [A.n.c.
1467 191 1538 220 818.

263 294 523 336 senatoresque
561 288 684 324 intacti
726 289 918 325 tormentis
961 289 1149 325 carissima
1190 302 1340 326 suorum
1382 291 1538 338 quisque

263 352 460 399 pignorum
481 351 686 398 proderent.
742 364 817 387 non
839 353 935 387 enim
955 353 1172 389 omittebant
1194 353 1367 389 Lucanus
1383 365 1538 401 quoque
1556 360 1578 388 4

262 422 297 451 et
339 415 495 451 Senecio
534 421 570 451 et
609 415 832 459 Quintianus
876 415 1013 462 passim
1052 416 1221 452 conscios
1263 416 1382 460 edere,
1421 417 1538 463 magis

263 479 455 526 magisque
482 478 616 526 pavido
646 477 807 522 Nerone,
837 489 1065 526 quamquam
1095 479 1344 527 multiplicatis
1374 479 1538 515 excubiis

226 552 243 582 5
264 548 379 577 semet
399 542 605 589 saepsisset.

314 609 380 642 58.
411 604 513 649 Quin
544 613 579 642 et
606 606 747 649 urbem,
781 617 846 653 per
875 606 1083 654 manipulos
1113 607 1302 654 occupatis
1332 608 1536 651 moenibus,

262 669 402 705 insesso
422 670 532 705 etiam
552 670 643 705 mari
664 677 699 705 et
718 681 837 714 amne,
854 670 951 706 velut
971 671 1007 706 in
1027 671 1234 706 custodiam
1255 671 1362 707 dedit.
1410 671 1537 708 volita·
1555 681 1576 708 2

261 733 423 780 bantque
460 745 524 780 per
562 733 648 777 fora,
688 745 753 780 per
791 733 934 777 domos,
979 745 1062 769 rura
1105 746 1254 782 quoque
1295 740 1330 770 et
1369 736 1538 782 proxima

261 796 545 843 municipiorum
571 796 711 843 pedites
734 796 960 844 equitesque,
984 797 1153 845 permixti
1174 797 1382 842 Germanis,
1405 799 1538 846 quibus

208 868 244 889 10
262 858 398 894 fidebat
435 859 603 907 princeps
643 860 746 907 quasi
783 860 952 896 externis.
1010 861 1184 896 continua
1222 861 1306 897 hinc
1344 868 1380 898 et
1417 862 1576 901 vincta3

261 923 410 969 agmina
432 923 523 958 trahi
544 935 586 959 ac
608 923 745 959 foribus
765 923 953 960 hortorum
971 924 1148 961 adiacere.
1204 932 1312 972 atque
1332 926 1393 961 ubi
1413 926 1537 962 dicen-

261 986 346 1021 dam
385 986 431 1021 ad
470 998 619 1022 causam
657 987 878 1030 introissent,
917 987 1092 1023 laetatum
1131 1000 1217 1035 erga
1255 989 1465 1025 coniuratos
1502 995 1538 1024 et

260 1049 428 1085 fortuitus
457 1062 580 1086 sermo
609 1057 644 1086 et
674 1050 782 1086 subiti
813 1062 999 1097 occursus,
1031 1051 1060 1087 si
1090 1052 1308 1095 convivium,
1339 1052 1367 1088 si
1397 1059 1537 1099 specta-

259 1113 383 1148 culum
412 1114 520 1150 simul
539 1114 700 1159 inissent,
723 1126 791 1162 pro
811 1114 962 1150 crimine
983 1115 1110 1161 accipi,
1132 1126 1216 1150 cum
1244 1127 1350 1163 super
1378 1115 1538 1151 Neronis

207 1185 241 1215 ¹5
261 1188 302 1212 ac
332 1177 506 1224 Tigellini
545 1189 670 1213 saevas
704 1178 1000 1225 percontationes
1040 1177 1197 1214 Faenius
1235 1190 1384 1226 quoque
1418 1178 1538 1214 Rufus

260 1240 436 1277 violenter
461 1248 641 1288 urgueret,
672 1242 840 1277 nondum
871 1242 917 1276 ab
943 1241 1126 1277 indicibus
1153 1243 1375 1286 nominatus,
1402 1250 1437 1278 et
1463 1255 1538 1290 quo

260 1304 371 1340 fidem
397 1305 560 1341 inscitiae
584 1312 743 1353 pararet,
764 1312 869 1341 atrox
895 1305 1066 1341 adversus
1093 1305 1223 1340 socios.
1279 1306 1377 1341 idern
1405 1305 1537 1342 Subrio
1554 1313 1577 1340 4

260 1367 372 1404 Flavo
408 1368 598 1404 adsistenti
628 1369 887 1416 adnuentique,
921 1380 969 1404 an
999 1368 1094 1403 inter
1132 1368 1248 1415 ipsam
1288 1369 1536 1415 cognitionem

260 1431 500 1479 destringeret
523 1432 687 1478 gladium
715 1432 944 1479 caedemque
973 1438 1144 1478 patraret,
1172 1431 1290 1467 renuit
1319 1431 1536 1480 infregitque

204 1510 242 1531 20
260 1494 435 1542 impetum
456 1495 529 1530 iam
548 1507 702 1530 manum
722 1495 769 1530 ad
789 1495 960 1542 capulum
982 1494 1180 1530 referentis.

311 1562 372 1593 59.
402 1558 518 1594 Fuere
539 1559 600 1606 qui
621 1558 765 1606 prodita
785 1559 1049 1601 coniuratione,
1073 1558 1161 1593 dum
1181 1558 1324 1594 auditur
1351 1558 1535 1603 Milichus,

260 1620 347 1656 dum
364 1621 505 1657 dubitat
520 1620 732 1666 Scaevinus,
754 1621 986 1656 hortarentur
1000 1621 1173 1657 Pisonem
1194 1634 1346 1669 pergere
1366 1622 1402 1657 in
1419 1628 1536 1658 castra

259 1692 321 1721 aut
341 1692 457 1721 rostra
476 1684 673 1721 escendere
695 1685 886 1732 studiaque
907 1685 1061 1720 militum
1075 1692 1110 1720 et
1123 1685 1248 1732 populi
1262 1691 1450 1733 temptare.
1505 1686 1533 1720 si
1553 1692 1573 1720 2

259 1749 451 1785 conatibus
464 1748 541 1784 eius
555 1749 692 1785 conscii
707 1748 1005 1795 adgregarentur,
1023 1754 1211 1784 secuturos
1227 1748 1338 1784 etiam
1351 1749 1511 1796 integros
1526 1761 1534 1792 ;

205 1828 240 1858 25
259 1823 510 1860 magnamque
522 1818 645 1847 motae
662 1812 711 1847 rei
724 1811 872 1854 famam,
888 1823 981 1858 quae
994 1811 1193 1858 plurimum
1208 1811 1245 1846 in
1261 1812 1365 1847 novis
1375 1812 1535 1848 consiliis

259 1876 402 1911 valeret.
460 1875 548 1910 nihil
563 1875 758 1911 adversum
778 1874 868 1910 haec
890 1873 1030 1910 Neroni
1051 1874 1251 1922 provisum.
1294 1875 1405 1910 etiam
1426 1874 1537 1910 fortes
1554 1885 1574 1913 3

259 1940 354 1975 viros
368 1939 494 1974 subitis
507 1939 642 1982 terreri,
660 1938 797 1974 nedum
813 1938 869 1973 ille
885 1937 1089 1981 scaenicus,
1103 1937 1289 1984 Tigellino
1303 1937 1440 1973 scilicet
1453 1949 1537 1973 cum

259 2002 459 2050 paelicibus
491 2001 564 2036 suis
598 2002 805 2044 comitante,
843 2012 944 2035 arma
977 2006 1106 2036 contra
1140 2000 1259 2035 cieret.
1326 1999 1441 2035 multa
1473 2010 1576 2037 ex-4-

260 2064 437 2113 periendo
469 2064 631 2107 confieri,
667 2075 761 2111 quae
797 2063 972 2109 segnibus
1010 2063 1123 2098 ardua
1156 2062 1355 2099 videantur.
1410 2063 1538 2099 frustra

202 2144 242 2174 30
261 2128 444 2163 silentium
472 2134 508 2163 et
538 2127 648 2162 fidem
678 2127 715 2161 in
745 2132 797 2162 tot
827 2126 1062 2162 consciorum
1095 2126 1224 2161 animis
1253 2133 1287 2162 et
1319 2127 1537 2173 corporibus

260 2202 406 2239 sperare
424 2203 432 2234 ;
464 2190 637 2226 cruciatui
654 2196 715 2225 aut
735 2189 900 2237 praemio
921 2196 1054 2225 cuncta
1074 2189 1197 2236 pervia
1217 2200 1306 2225 esse.
1363 2196 1535 2225 venturos
1554 2197 1574 2225 5

262 2255 323 2301 qui
338 2255 458 2301 ipsum
478 2265 626 2300 quoque
640 2253 826 2295 vincirent,
842 2258 1030 2299 postremo
1047 2251 1198 2298 indigna
1219 2264 1308 2287 nece
1329 2251 1534 2287 adficerent.

260 2324 400 2364 quanto
414 2316 630 2352 laudabilius
649 2316 861 2363 periturum,
883 2315 970 2350 dum
991 2315 1219 2362 amplectitur
1239 2326 1315 2350 rem
1337 2314 1532 2361 publicam,
1553 2325 1574 2352 6
