1674 2653
123 180 193 204 A.D.
224 163 297 217 59.]
480 173 626 204 ΗΒΕΑ)
663 173 761 203 A'JV.
820 174 915 204 (Ἀρ.
955 180 983 204 1.

606 1446 765 1483 LIBER
804 1447 907 1484 XIV.

166 1577 195 1609 1.
227 1572 326 1610 GAro
356 1573 548 1609 VIPSTANO
578 1572 620 1608 C.
649 1573 819 1609 Pom-mo
849 1573 1061 1609 consulibus
1091 1573 1152 1609 diu
1181 1572 1396 1609 meditatum

114 1637 232 1673 scelus
276 1649 351 1673 non
389 1636 480 1671 ultra
526 1636 627 1672 Nero
672 1636 818 1680 distulit,
857 1643 1033 1672 vetustate
1079 1637 1220 1684 imperii
1264 1637 1397 1673 coalita

113 1700 267 1736 audacia
299 1706 334 1735 et
368 1700 580 1747 flagrantior
613 1699 649 1735 in
682 1700 760 1736 dies
792 1712 918 1736 amore
957 1700 1165 1747 Poppaeae,
1203 1713 1297 1749 quae
1329 1701 1397 1736 sibi

113 1763 388 1799 matrimonium
432 1770 465 1799 et
509 1763 701 1799 discidium
747 1763 921 1799 Octaviae
967 1763 1141 1799 incolumi
1186 1764 1396 1811 Agrippina

112 1828 210 1864 haud
231 1839 394 1875 sperans,
418 1827 554 1862 crebris
581 1827 911 1870 criminationibus
934 1827 1133 1874 aliquando
1161 1840 1225 1874 per
1244 1827 1395 1863 facetias
1413 1841 1429 1870 5

111 1893 293 1928 incusaret
325 1891 530 1939 principem
561 1898 595 1926 et
627 1891 807 1938 pupillum
838 1897 997 1934 vocaret7
1033 1891 1095 1938 qui
1126 1891 1231 1927 iussis
1265 1892 1394 1927 alienis

113 1956 296 1992 obnoxius
324 1967 401 1991 non
435 1955 550 1990 modo
579 1955 721 2002 imperii
755 1955 820 1991 sed
854 1955 1028 1991 libertatis
1057 1956 1168 1990 etiam
1202 1955 1393 2002 indigeret.

74 2027 94 2052 2
113 2032 177 2055 cur
210 2020 309 2055 enim
343 2019 477 2055 differri
508 2019 654 2065 nuptias
685 2020 793 2055 suas?
841 2019 998 2055 formam
1031 2019 1168 2055 scilicet
1199 2019 1392 2066 displicere

112 2090 146 2120 et
183 2082 421 2130 triumphales
459 2094 558 2126 avos,
593 2094 641 2118 an
679 2082 940 2118 fecunditatem
972 2089 1007 2118 et
1038 2095 1164 2118 verum
1199 2083 1390 2118 animum?

73 2159 92 2185 3
110 2147 231 2184 timeri
256 2159 303 2182 ne
323 2159 417 2183 uxor
441 2147 569 2182 saltem
596 2147 745 2182 iniurias
771 2153 929 2194 patrum,
948 2147 1039 2181 iram
1065 2147 1191 2194 populi
1218 2147 1390 2183 adversus
1412 2163 1449 2183 10

71 2212 325 2258 4supe1biam
366 2211 628 2258 avaritiamque
668 2210 794 2246 matris
831 2210 983 2257 aperiat.
1050 2209 1151 2257 quod
1189 2209 1218 2245 si
1255 2222 1390 2245 nurum

111 2275 318 2323 Agrippina
338 2286 414 2311 non
435 2274 504 2310 nisi
525 2274 598 2310 filio
619 2273 788 2309 infestam
809 2274 900 2309 ferre
920 2279 1056 2321 posset,
1079 2273 1290 2310 redderetur
1309 2274 1389 2321 ipsa
