1725 2653
164 164 235 190 Aa).
257 152 323 203 58]
503 159 647 191 LIBER
676 160 783 191 ΧΠΙ.
841 161 937 192 CAP-
967 167 1104 202 39-42-

125 261 229 302 3sed
261 263 438 310 oppidani
468 264 581 312 portis
613 272 745 312 sponte
780 263 970 312 patefactis
1008 275 1047 299 se
1085 275 1224 311 suaque
1264 263 1445 301 Romanis

162 325 371 372 permisere,
392 327 493 374 quod
517 327 673 364 salutem
696 328 781 375 ipsis
808 327 910 364 tulit:
943 327 1126 363 Artaxatis
1150 327 1245 374 ignis
1272 327 1444 364 inmissus

164 387 356 437 deletaque
375 396 410 426 et
433 391 513 427 solo
540 398 698 440 aequata
723 397 818 435 sunt,
840 390 925 437 quia
946 402 1014 426 nec
1042 391 1157 426 teneri
1174 395 1344 438 polcrant
1364 392 1442 428 sine

163 451 284 488 valido
315 454 499 500 praesidio
529 455 578 490 ob
608 454 903 502 magnitudinem
933 454 1134 499 moenium,
1167 467 1235 490 nec
1267 454 1303 490 id
1335 456 1443 492 nobis

163 515 293 550 virium
329 523 415 562 erat,
450 518 551 565 quod
582 517 764 554 firmando
797 517 979 565 praesidio
1010 524 1046 554 et
1079 518 1308 565 capessendo
1346 519 1441 555 bello
1461 532 1479 563 5

164 577 388 624 divideretur,
409 581 464 616 vel
491 581 520 616 si
541 581 681 628 integra
703 587 738 616 et
762 581 985 617 incustodita
1009 581 1313 628 relinquerentur,
1341 582 1442 618 nulla

121 646 147 677 4
165 641 199 676 in
219 653 265 677 eo
283 642 416 679 utilitas
430 650 492 679 aut
504 643 622 690 gloria
642 644 743 691 quod
762 651 871 691 capta
885 649 1016 679 essent.
1055 644 1208 680 adicitur
1220 645 1440 680 miraculum

162 705 441 760 velutxssnumine
477 707 666 743 oblatum:
708 719 792 746 nam
833 713 966 743 cuncta
995 707 1181 743 Artaxatis
1219 714 1325 744 tenus
1363 708 1440 745 sole

162 768 325 805 inlustria
349 769 473 816 fuere3
509 770 610 819 quod
637 771 833 807 moenibus
857 771 1084 818 cingebatur,
1112 778 1262 819 repente
1289 772 1337 808 ita
1363 777 1441 808 atra

161 833 260 868 nube
280 840 495 881 coopertum
521 834 795 882 fulguribusque
820 834 1015 870 discretum
1041 840 1105 879 est,
1128 840 1166 870 ut
1187 835 1294 882 quasi
1320 835 1499 871 insen-10

120 906 142 935 5
163 897 325 933 santibus
353 897 431 933 deis
458 898 569 934 exitio
598 898 689 933 tradi
717 897 936 934 crederetur.
992 898 1042 933 ob
1071 897 1163 934 haec
1191 899 1439 935 consalutatus

160 961 357 1008 imperator
386 960 497 1006 Ne1·,o
527 968 561 997 et
589 968 735 998 senatus
762 961 941 1012 consulto
960 961 1252 1015 supplicationes
1282 962 1437 1006 habitae,

161 1030 373 1072 statuaeque
431 1031 467 1061 et
524 1037 629 1061 arcus
683 1031 718 1061 et
772 1016 949 1062 continui
1000 1025 1211 1061 consulatus
1269 1026 1436 1074 principi,

159 1094 272 1135 utque
310 1089 401 1124 inter
446 1088 557 1131 festos
599 1088 790 1125 referretur
837 1089 925 1132 dics,
969 1100 1044 1135 quo
1090 1096 1231 1152 pat-&t
1275 1089 1436 1134 victoria,

159 1162 234 1198 quo
267 1152 442 1196 nuntiata,
474 1164 548 1199 quo
579 1152 732 1188 relatum
763 1152 807 1187 de
836 1164 880 1188 ea
908 1159 1014 1195 esset,
1045 1152 1186 1200 aliaque
1216 1153 1252 1188 in
1281 1153 1437 1190 eandem
1459 1166 1494 1198 15

159 1214 313 1251 sormam
332 1215 588 1259 decernuntur,
611 1216 703 1251 adeo
730 1215 883 1251 modum
908 1227 1068 1262 egressa,
1093 1223 1132 1251 ut
1155 1216 1197 1252 C.
1218 1216 1367 1252 Cassius
1392 1218 1437 1253 (le

160 1279 288 1314 ceteris
319 1278 523 1315 honoribus
554 1280 744 1321 adsensus,
773 1279 803 1314 si
832 1283 899 1326 pro
929 1279 1155 1326 benignitate
1186 1279 1353 1316 fortunae
1382 1280 1437 1317 dis

158 1348 278 1401 grates
306 1348 509 1389 agerentur,
539 1355 585 1378 ne
613 1348 730 1378 totum
758 1342 910 1390 quidem
939 1354 1078 1378 annum
1107 1343 1436 1390 supplicationibus

158 1404 322 1441 sufficere
356 1405 573 1449 dissfflmuent,
605 1417 724 1454 eoque
758 1413 929 1463 oportere
963 1405 1076 1441 dividi
1104 1417 1229 1442 sacros
1258 1413 1292 1442 et
1320 1419 1416 1454 nego

156 1468 271 1504 tiosos
290 1468 378 1513 dies,
399 1469 481 1517 quis
501 1469 620 1504 dixina
641 1458 802 1504 colerent
822 1475 857 1504 et
873 1468 1035 1515 humana
1055 1481 1130 1506 non
1151 1470 1381 1517 impedirent.
1421 1429 1543 1514 Ᾰ

207 1535 273 1568 42.
313 1531 433 1568 Variis
476 1532 607 1568 deinde
654 1515 798 1567 casibus
836 1532 988 1568 iactatus
1029 1541 1062 1568 et
1107 1533 1306 1569 mult01um
1349 1534 1434 1570 odia

156 1595 304 1631 meritus
325 1607 419 1639 reus,
440 1595 538 1631 haud
557 1603 681 1631 tamen
701 1596 779 1631 sine
799 1596 936 1631 invidia
958 1595 1123 1632 Senecae
1144 1596 1346 1634 damnatur.
1402 1599 1433 1634 is

155 1656 220 1693 fuit
253 1657 292 1693 P.
324 1657 482 1703 Suillius,
513 1659 748 1712 impgffiante
780 1658 937 1694 Claudio
967 1659 1136 1695 terribilis
1164 1672 1206 1695 ac
1235 1661 1371 1696 venalis
1399 1668 1433 1697 et

155 1722 357 1758 mutatione
376 1728 585 1770 temporum
607 1733 683 1757 non
702 1729 883 1770 quantum
904 1722 1042 1758 inimici
1063 1729 1238 1770 cuperent
1251 1723 1432 1777 deanSSUS

116 1785 291 1833 aquique
323 1797 361 1821 se
398 1792 593 1821 nocentem
625 1785 737 1821 videri
771 1797 883 1833 quam
921 1786 1125 1833 supplicem
1165 1786 1298 1822 mallet.
1353 1788 1430 1824 eius
1452 1802 1487 1832 25

153 1848 385 1907 opprimendi
415 1848 531 1901 Qtia
563 1849 757 1896 repetitum
789 1849 1006 1884 credebatur
1040 1857 1187 1885 senatus
1222 1851 1430 1887 consultum

153 1923 346 1960 poenaque
384 1911 532 1947 Cinciae
570 1911 658 1959 legis
697 1911 892 1947 adversum
929 1924 993 1949 eos
1037 1913 1099 1960 qui
1139 1914 1256 1968 pregio
1299 1926 1430 1951 causas

114 1987 136 2017 3
153 1963 485 2030 oravissentgssaf'nec
507 1973 654 2010 Suillius
675 1981 806 2023 questu
827 1981 887 2010 aut
908 1976 1192 2027 exprobratione
1209 1977 1427 2022 abstinebat,

153 2044 295 2085 praeter
324 2031 498 2074 ferociam
531 2038 643 2073 animi
675 2045 839 2074 extrema
876 2046 1023 2075 senecta
1043 2039 1144 2075 'liber
1177 2046 1212 2075 et
1250 2039 1427 2077 Senecam

153 2102 346 2149 increpans
382 2101 566 2152 insensum
607 2101 734 2137 amicis
773 2101 928 2145 Claudii,
967 2103 1035 2138 sub
1076 2115 1151 2150 quo
1190 2104 1425 2140 iustissimum
1447 2118 1487 2147 30

110 2164 302 2200 4exilium
331 2153 546 2214 pertiQs'set.
602 2164 710 2199 simul
739 2164 868 2200 studiis
901 2165 1076 2201 inertibus
1110 2174 1144 2202 et
1173 2166 1346 2202 iuvenum
1374 2168 1426 2203 in-

108 2248 111 2253 ·
150 2227 300 2275 peritiae
319 2233 464 2262 suetum
483 2226 590 2262 livere
611 2227 665 2271 iis,
681 2227 743 2274 qui
764 2228 920 2264 vividam
933 2234 967 2263 et
987 2228 1236 2276 incorruptam
1250 2229 1426 2278 eloquen-

103 2338 116 2356 x
147 2290 237 2326 tiam
261 2290 406 2326 tuendis
433 2290 573 2326 civibus
598 2297 818 2327 exercerent.
876 2302 913 2327 se
940 2298 1175 2339 quaestorem
1199 2292 1424 2337 Germanici,
