1674 2653
551 189 780 222 CORNELII
811 187 975 220 TACITI
1000 186 1270 219 ANNALIUM
1320 177 1454 232 [mue.
1475 186 1547 218 818.

263 304 372 342 supra
392 293 521 337 rettuli,
542 297 718 329 vetustate
738 292 912 327 obtusum
932 291 1139 339 increpans,
1161 289 1324 338 asperari
1348 301 1436 325 saxo
1454 295 1489 324 et
1509 288 1545 323 in

263 369 481 393 mucronem
520 355 710 392 ardescere
744 355 844 391 iussit
878 367 1034 403 eamque
1069 366 1194 391 curam
1228 354 1358 389 liberto
1393 351 1546 388 Milicho

262 420 458 456 mandavit.
514 419 620 455 simul
657 418 878 455 adfluentius
912 418 1020 454 solito
1054 417 1262 454 convivium
1295 417 1435 460 initum,
1469 427 1543 451 ser—
1563 426 1584 452 2

217 496 221 501 ·
263 495 393 520 vorum
417 482 593 519 carissimi
620 482 785 518 libertate
810 488 844 517 et
868 481 925 517 alii
952 481 1109 529 pecunia
1135 480 1272 517 donati.
1331 486 1440 527 atque
1466 479 1543 526 ipse
1562 489 1582 516 3

229 553 425 591 5maestus
462 552 496 582 et
533 557 691 594 magnae
725 545 963 596 xcogitatimiis
986 544 1214 591 (manifestus
1253 550 1338 587 erat,
1377 542 1545 590 quamvis

264 610 435 647 laetitiam
470 610 572 657 vagis
602 595 845 646 sermonibus*
863 596 1059 644 simularet.
1115 613 1309 655 postremo
1339 606 1586 643 vulneribus4

265 674 464 721 ligamenta
484 674 690 721 quibusque
707 673 844 709 sistitur
860 672 1009 720 sanguis
1027 684 1154 719 parare
1171 671 1331 707 eundem
1352 669 1546 705 Milichum

264 743 400 782 monet,
429 738 503 773 sive
531 748 689 785 gnarum
716 736 984 773 coniurationis
1012 741 1047 771 et
1076 735 1160 771 illuc
1185 746 1302 783 usque
1331 733 1456 778 fidum,
1482 744 1546 768 seu

266 802 430 837 nescium
459 807 495 837 et
522 808 609 836 tunc
635 800 795 848 primum
824 799 977 847 arreptis
1007 798 1289 846 suspicionibus,
1317 803 1356 832 ut
1383 796 1546 844 plerique

211 878 249 900 10
265 865 446 901 tradidere
493 864 538 900 de
584 863 910 911 consequentibus.
968 874 1055 898 nam
1101 873 1185 898 cum
1233 872 1359 897 secum
1410 859 1546 896 servilis
1564 868 1586 897 5

266 928 410 964 animus
431 927 594 974 praemia
612 926 787 974 perfidiae
807 925 985 973 reputavit
1007 925 1188 973 simulque
1204 925 1374 960 inmensa
1389 923 1547 971 pecunia

265 999 300 1028 et
337 991 500 1039 potentia
541 990 841 1033 obversabantur,
881 989 987 1026 cessit
1025 988 1078 1024 fas
1117 994 1152 1024 et
1192 988 1293 1024 salus
1331 986 1474 1034 patroni
1512 992 1547 1022 et

265 1060 438 1102 acceptae
458 1053 630 1090 libertatis
649 1052 838 1088 memoria.
886 1052 1020 1088 etenim
1040 1051 1165 1087 uxoris
1186 1061 1333 1099 quoque
1354 1049 1545 1086 consilium
1565 1057 1588 1086 6

265 1118 520 1165 adsumpserat
562 1116 740 1152 muliebre
783 1128 825 1151 ac
869 1116 1048 1151 deterius:
1093 1115 1230 1163 quippe
1272 1107 1368 1149 ultro
1409 1120 1546 1149 metum

211 1193 247 1224 15
266 1182 480 1225 intentabat,
501 1181 710 1227 multosque
737 1179 919 1215 adstitisse
943 1179 1092 1215 libertos
1116 1190 1158 1213 ac
1182 1189 1315 1220 servos,
1337 1177 1397 1224 qui
1418 1176 1546 1212 eadem

264 1244 436 1288 viderint3
467 1244 555 1280 nihil
576 1242 809 1290 profuturum
829 1243 937 1278 unius
958 1241 1164 1286 silentium;
1195 1246 1230 1276 at
1249 1241 1414 1288 praemia
1434 1250 1547 1287 penes

266 1319 381 1344 unum
402 1307 490 1351 fore,
511 1307 573 1354 qui
595 1306 729 1342 indicio
750 1306 1009 1353 praevenisset.

320 1376 387 1408 55.
418 1370 532 1418 Igitur
575 1376 705 1416 coepta
746 1369 828 1404 luce
870 1366 1045 1404 Milichus
1082 1368 1119 1404 in
1157 1367 1282 1404 hortos
1325 1366 1547 1404 Servilianos

266 1436 404 1482 pergit3
440 1440 474 1470 et
504 1445 589 1469 cum
619 1432 753 1469 foribus
787 1438 982 1477 arceretur,
1014 1443 1151 1479 magna
1178 1438 1212 1466 et
1242 1430 1378 1466 atrocia
1407 1429 1546 1465 adferre

211 1510 249 1531 20
268 1498 437 1533 dictitans
476 1497 728 1543 deductusque
761 1496 808 1531 ab
843 1495 1057 1531 ianitoribus
1095 1494 1142 1530 ad
1181 1494 1353 1530 libertum
1388 1493 1547 1528 Neronis

269 1560 571 1609 Epaphroditum,
592 1571 680 1594 mox
707 1558 752 1594 ab
777 1570 821 1593 eo
846 1558 892 1593 ad
918 1557 1120 1601 Neronem,
1146 1568 1308 1604 urguens
1331 1556 1544 1604 periculum,

267 1636 397 1672 graves
417 1624 627 1660 coniuratos
647 1628 682 1658 et
702 1628 823 1657 cetera
844 1633 938 1668 quae
960 1621 1123 1657 audierat
1144 1621 1407 1672 coniectaverat
1429 1620 1545 1656 docet.

269 1688 384 1724 telum
401 1699 549 1735 quoque
565 1687 602 1721 in
620 1697 751 1721 necem
772 1685 848 1720 eius
869 1691 1038 1732 paratum
1061 1683 1220 1720 ostendit
1241 1683 1422 1731 accirique
1443 1694 1544 1719 reum
1564 1694 1585 1722 2

270 1751 381 1787 iussit.
438 1751 466 1786 is
495 1756 621 1797 raptus
650 1761 714 1796 per
744 1748 874 1784 milites
903 1754 938 1784 et
966 1748 1221 1784 defensionem
1256 1758 1371 1791 orsus,
1400 1746 1545 1790 ferrum,
1565 1757 1585 1785 3

212 1829 249 1859 25
271 1816 373 1850 cuius
397 1819 618 1860 argueretur,
640 1812 726 1847 olim
751 1811 926 1858 religione
950 1811 1069 1858 patria
1094 1811 1232 1846 cultum
1257 1816 1292 1846 et
1315 1810 1353 1845 in
1377 1809 1547 1846 cubiculo

269 1877 434 1913 habitum
459 1888 501 1912 ac
525 1875 651 1911 fraude
676 1874 792 1909 liberti
817 1875 1031 1921 subreptum
1052 1873 1253 1921 respondit,
1275 1872 1418 1909 tabulas
1439 1878 1547 1908 testa-

267 1940 383 1976 menti
404 1939 549 1986 saepius
569 1950 590 1973 a
606 1949 643 1973 se
660 1944 694 1973 et
710 1937 929 1973 incustodita
945 1936 1088 1972 dierum
1104 1936 1357 1972 observatione
1375 1936 1546 1982 signatas.

269 2003 444 2051 pecunias
465 2008 499 2038 et
518 2001 700 2036 libertates
725 2000 834 2035 servis
853 2006 888 2035 et
907 2005 991 2035 ante
1012 1998 1114 2035 dono
1137 1998 1250 2042 datas,
1273 1998 1337 2034 sed
1356 1997 1440 2034 ideo
1460 2004 1545 2033 tune
1564 2007 1588 2035 4

271 2067 415 2112 largius,
436 2065 521 2112 quia
545 2064 644 2100 tenui
669 2063 742 2098 iam
763 2074 801 2098 re
822 2061 986 2097 familiari
1009 2068 1045 2098 et
1065 2061 1283 2096 instantibus
1308 2060 1546 2096 creditoribus

213 2141 252 2170 30
271 2134 488 2164 testamento
540 2126 728 2162 diffideret.
785 2125 971 2161 enimvero
1018 2123 1182 2159 liberales
1230 2134 1376 2170 semper
1421 2122 1545 2170 epulas
1565 2133 1586 2161 5

271 2191 453 2235 struxisse,
475 2191 585 2225 vitam
606 2199 801 2225 amoenam
823 2195 857 2223 et
877 2187 974 2223 duris
995 2187 1176 2222 iudicibus
1196 2198 1324 2233 parum
1342 2186 1544 2233 probatam.

271 2253 434 2289 fomenta
467 2252 677 2287 vulneribus
711 2251 810 2286 nulla
837 2250 937 2286 iussu
966 2261 1043 2294 suo,
1073 2249 1137 2285 sed
1165 2249 1250 2296 quia
1277 2254 1397 2284 cetera
1425 2248 1546 2295 palam

271 2327 363 2351 vana
383 2315 586 2359 obiecisset,
609 2313 807 2360 adiungere
829 2313 978 2357 crimen,
1000 2312 1102 2348 cuius
1123 2323 1160 2347 se
1180 2311 1314 2359 pariter
1334 2310 1491 2346 indicem
1512 2317 1547 2346 et
