1674 2653
116 187 193 211 Aa).
216 171 283 224 62.]
462 177 607 208 LIBER
636 176 734 206 XIV.
793 176 892 209 CAP.
923 169 1061 216 59-62-

116 286 345 316 venerantur.
401 278 540 326 effigies
566 277 764 325 Poppaeae
786 282 976 323 proruunt,
1008 273 1183 311 Octaviae
1215 271 1396 319 imagines

117 348 262 390 gestant
283 342 429 386 umeris,
452 347 629 389 spargunt
643 340 795 375 floribus
817 339 969 385 foroque
989 350 1032 373 ac
1053 336 1198 384 templis
1220 341 1397 371 statuunt.

77 416 99 444 2
119 410 140 446 †
153 406 345 442 ituretiam
358 405 393 441 in
407 405 582 453 principis
597 404 725 440 laudes
739 403 935 450 repetitum
952 401 1215 438 venerantium.
1251 400 1398 446 iamque

118 476 152 506 et
173 469 352 505 Palatium
372 468 602 504 multitudine
622 474 657 503 et
677 467 899 503 clamoribus
915 465 1162 512 complebant,
1177 475 1262 500 cum
1276 462 1397 498 emissi

117 533 273 568 militum
302 532 401 580 globi
430 532 639 568 verberibus
667 536 703 566 et
732 531 872 565 intento
902 528 998 564 ferro
1026 529 1192 564 turbatos
1215 527 1398 562 disiecere.
1418 535 1435 565 5

118 602 331 644 mutataque
351 607 446 643 quae
466 607 532 643 per
551 594 771 631 seditionem
791 599 980 637 verterant,
1003 599 1038 628 et
1058 591 1253 639 Poppaeae
1280 589 1399 625 honos

80 667 100 696 3
119 660 300 707 repositus
321 666 386 695 est.
440 670 534 706 quae
551 669 697 706 semper
717 657 815 700 odio,
838 663 916 692 tum
940 662 974 691 et
1003 662 1103 691 metu
1127 662 1242 696 atrox,
1272 665 1318 688 ne
1339 658 1400 688 aut

118 723 216 770 vulgi
242 723 358 759 acrior
379 722 432 758 vis
458 723 640 769 ingrueret
666 728 728 758 aut
754 720 857 756 Nero
878 719 1113 755 inclinatione
1134 717 1259 765 populi
1280 724 1399 751 muta-

122 792 230 830 retur,
250 786 443 834 provoluta
467 785 624 833 genibus
644 785 731 827 eius,
753 795 829 819 non
855 795 900 819 eo
920 782 991 818 loci
1011 793 1069 817 res
1095 792 1179 817 suas
1204 780 1263 822 ait,
1292 786 1330 814 ut
1355 778 1399 814 de

121 850 355 886 matrimonio
379 856 500 892 certet,
521 859 751 897 quamquam
780 847 814 883 id
844 847 912 882 sibi
938 846 1010 881 vita
1037 845 1168 893 potius,
1197 843 1261 880 sed
1288 843 1400 878 vitam
1424 855 1459 874 10

79 908 83 913 ’
121 913 240 960 ipsam
261 914 297 949 in
317 919 524 949 extremum
545 912 743 948 adductam
763 923 784 946 a
803 909 981 947 clientelis
995 916 1029 945 et
1045 908 1197 945 servitiis
1213 906 1398 948 Octaviae,

122 988 216 1024 quae
244 976 362 1024 plebis
391 976 460 1012 sibi
489 986 626 1012 nomen
655 974 861 1017 indiderint,
892 985 935 1009 ea
964 973 1000 1008 in
1019 984 1111 1020 pace
1131 971 1208 1007 ausi
1228 982 1321 1018 quae
1343 969 1400 1004 vix

80 1047 104 1075 4
122 1039 220 1076 bello
267 1040 461 1076 evenirent.
519 1051 621 1075 arma
661 1039 721 1074 illa
764 1038 940 1074 adversus
987 1036 1191 1084 principem
1230 1040 1401 1081 sumpta;

122 1103 254 1139 ducem
290 1110 432 1139 tantum
469 1102 638 1147 defuisse,
667 1102 729 1150 qui
759 1102 868 1137 motis
897 1101 1005 1137 rebus
1034 1099 1138 1135 facile
1176 1097 1400 1145 reperiretur,

123 1167 304 1202 omitteret
333 1166 447 1206 modo
476 1166 722 1213 Campaniam
750 1171 785 1201 et
813 1164 850 1199 in
877 1164 1008 1200 urbem
1037 1163 1117 1210 ipsa
1144 1167 1321 1209 pergeret,
1355 1159 1401 1195 ad
1425 1172 1459 1202 15

82 1236 102 1264 5
123 1230 225 1265 cuius
238 1236 367 1265 nutum
387 1229 547 1265 absentis
563 1228 737 1265 tumultus
755 1228 945 1264 cierentur.
1000 1225 1100 1274 quod
1116 1224 1279 1272 alioquin
1296 1234 1401 1259 suum

126 1293 328 1329 delictum?
375 1304 488 1340 quam
521 1292 740 1341 cuisquuam
771 1291 1045 1328 offensionem?
1092 1301 1139 1325 an
1169 1288 1253 1337 quia
1280 1298 1403 1324 veram

125 1356 342 1403 progeniem
367 1356 560 1404 penatibus
580 1355 783 1392 Caesarum
805 1355 937 1390 datura
961 1354 1033 1391 sit?
1088 1352 1197 1389 malle
1223 1350 1401 1400 populum

126 1419 341 1455 Romanum
378 1419 536 1455 tibicinis
574 1418 748 1467 Aegyptii
786 1417 954 1454 subolem
992 1416 1229 1464 imperatorio
1258 1414 1404 1459 fastigio

83 1487 106 1515 6
124 1482 274 1518 induci?
304 1483 473 1530 denique,
495 1482 524 1518 si
541 1482 578 1519 id
610 1483 720 1518 rebus
748 1481 943 1526 conducat,
975 1481 1093 1516 libens
1118 1490 1232 1527 quam
1254 1484 1402 1515 coactus
1424 1489 1463 1510 20

86 1551 105 1581 7
125 1546 258 1582 acciret
286 1546 488 1590 dominam,
514 1546 570 1582 vel
597 1545 805 1582 consuleret
834 1545 1014 1581 securitati
1043 1544 1137 1580 iusta
1162 1543 1312 1579 ultione.
1368 1548 1403 1577 et

125 1609 279 1645 modicis
308 1609 478 1645 remediis
505 1610 645 1657 primos
672 1616 795 1645 motus
822 1608 1061 1645 consedisse:
1090 1614 1127 1644 at
1154 1608 1183 1643 si
1212 1606 1405 1654 desperent

125 1684 278 1709 uxorem
303 1672 463 1708 Neronis
481 1672 557 1709 sore
578 1672 781 1717 Octaviam,
802 1672 850 1708 illi
870 1672 1040 1708 maritum
1062 1671 1221 1708 daturos.

179 1740 240 1772 62.
269 1734 405 1772 Varius
426 1747 548 1771 sermo
573 1742 608 1772 et
628 1736 675 1772 ad
696 1742 836 1771 metum
857 1742 967 1783 atque
989 1735 1080 1771 iram
1101 1733 1403 1771 accommodatus

126 1799 251 1835 terruit
288 1798 396 1834 simul
433 1798 641 1835 audientem
679 1805 715 1835 et
753 1798 932 1835 accendit.
988 1798 1053 1834 sed
1094 1809 1224 1846 parum
1262 1797 1403 1833 valebat
1423 1806 1460 1837 25

128 1863 288 1910 suspicio
326 1863 362 1898 in
401 1874 506 1898 servo
544 1869 579 1898 et
616 1863 894 1910 quaestionibus
931 1861 1148 1898 ancillarum
1185 1861 1284 1898 elusa
1316 1867 1403 1897 erat.

89 1933 109 1960 2
128 1937 216 1974 ergo
242 1925 512 1961 confessionem
540 1925 694 1961 alicuius
719 1925 845 1973 quaeri
874 1925 1003 1974 placet,
1024 1926 1082 1962 cui
1110 1937 1229 1961 rerum
1254 1936 1404 1973 quoque

89 1996 109 2023 3
129 2000 307 2024 novarum
341 1988 480 2024 crimen
510 1988 770 2035 adfingeretur.
826 1995 862 2024 et
895 1989 994 2024 visus
1027 1989 1183 2025 idoneus
1216 1995 1404 2024 maternae

128 2052 228 2088 necis
254 2057 418 2099 patrator
443 2051 631 2095 Anicetus,
652 2051 760 2087 classi
789 2051 887 2099 apud
908 2051 1108 2095 Misenum,
1129 2058 1167 2087 ut
1189 2052 1401 2095 memoravi,

130 2113 346 2162 praefectus,
378 2114 445 2149 levi
473 2120 559 2161 post
586 2114 790 2150 admissum
822 2113 940 2150 scelus
968 2116 1096 2162 gratia,
1126 2115 1210 2150 dein
1238 2115 1403 2161 graviore
1424 2122 1463 2153 30

130 2178 228 2222 odio,
256 2177 343 2225 quia
370 2176 553 2212 malorum
581 2177 787 2212 facinorum
821 2177 976 2213 ministri
1004 2178 1109 2225 quasi
1138 2178 1404 2224 exprobrantes

90 2247 113 2274 4
131 2241 366 2288 aspiciuntur.
412 2240 521 2287 igitur
548 2240 706 2275 accitum
735 2251 820 2275 eum
850 2239 989 2276 Caesar
1017 2252 1151 2287 operae
1181 2240 1311 2287 prioris
1341 2241 1403 2276 ad-

130 2310 281 2340 monet:
322 2302 441 2338 solum
475 2302 720 2339 incolumitati
754 2303 928 2350 principis
960 2302 1131 2339 adversus
1169 2303 1404 2340 insidiantem
