1674 2653
138 190 213 215 Μ).
235 175 313 228 62.]
524 185 672 214 LIBER
699 184 775 215 XV.
834 185 928 215 CAP.
958 191 1043 226 4-9-

139 290 268 331 quarta
299 290 334 320 et
366 284 600 320 duodecuma
634 284 797 331 legiones
830 284 954 320 addita
987 286 1123 333 quinta,
1154 297 1249 333 quae
1280 297 1410 322 recens

139 359 158 382 e
196 346 336 383 Moesis
373 348 491 383 excita
529 354 614 391 erat,
658 347 765 383 simul
805 347 958 383 Pontica
991 356 1025 384 et
1063 348 1279 384 Galatarum
1314 348 1410 396 Cap-

139 409 398 457 padocumque
438 409 572 446 auxilia
608 410 721 446 Paeto
758 410 984 455 oboedirent,
1025 412 1127 447 tertia
1163 419 1198 447 et
1238 419 1339 448 sexta
1376 419 1411 448 et

139 472 295 509 decuma
327 473 491 533 legiones
519 473 703 535 priorque
735 473 859 518 Suriae
893 474 996 509 miles
1030 475 1128 522 apud
1162 475 1409 511 Corbulonem

98 542 121 571 6
139 543 350 580 maner;ent
379 542 499 572 cetera
519 548 563 572 ex
585 548 703 572 rerum
723 547 791 571 usu
812 536 993 572 sociarent
1017 538 1290 584 partirenturve
1347 538 1410 574 sed

138 611 257 647 neque
278 599 441 636 Corbulo
463 599 595 635 aemuli
616 600 769 646 patiens,
789 606 823 635 et
844 599 988 645 Paetus,
1010 601 1067 636 cui
1088 601 1173 637 satis
1193 601 1238 637 ad
1258 601 1408 649 gloriam

138 668 225 707 erat,
257 663 286 698 si
316 663 506 715 proximus
536 662 741 717 haberetur,
770 662 995 709 despiciebat
1023 670 1136 710 gesta,
1171 663 1258 699 nihil
1290 664 1410 700 caedis

138 732 199 761 aut
226 725 337 772 praed
343 737 394 769 ae,
419 712 618 773 ‘usurpatas
638 726 789 760 nomine
814 732 918 761 tenus
943 726 1087 761 urbium
1114 728 1411 774 expugnationes

138 788 330 824 dictitans:
361 800 398 824 se
421 789 554 823 tributa
577 800 620 824 ac
649 787 748 835 leges
775 795 811 823 et
838 800 903 835 pio
930 788 1060 824 umbra
1083 790 1177 836 regis
1198 789 1409 826 Romanum

138 852 193 887 ius
213 851 315 887 victis
335 852 603 899 impositurum.

191 918 226 952 7.
257 914 332 950 Sub
360 915 458 950 idem
487 922 630 962 tempus
658 915 767 963 legati
794 914 998 962 Vologesis,
1021 927 1113 963 quos
1137 916 1183 952 ad
1206 916 1409 964 principem

138 978 272 1013 missos
292 978 502 1022 memoravi,
526 983 699 1014 revertere
722 978 816 1013 inriti
847 978 1055 1026 bellumque
1075 979 1265 1026 propalam
1286 991 1409 1026 sump-

99 1052 120 1080 2
140 1047 215 1076 tum
236 1053 257 1076 a
278 1040 430 1077 Parthis.
478 1053 545 1077 nec
562 1041 695 1076 Paetus
715 1041 936 1084 detrectavit,
955 1042 1017 1077 sed
1035 1041 1175 1077 duabus
1192 1042 1407 1089 legionibus,

139 1114 291 1150 quarum
322 1110 488 1150 quartam
523 1104 769 1140 Funisulanus
802 1103 1049 1140 Vettonianus
1079 1116 1124 1140 eo
1158 1105 1194 1140 in
1232 1112 1406 1152 tempore,

138 1167 410 1202 duodecumam
440 1166 610 1203 Calavius
643 1166 801 1202 Sabinus
832 1168 1018 1213 regebant,
1050 1167 1264 1203 Armeniam
1298 1168 1406 1203 intrat

98 1230 226 1269 3tristi
256 1231 388 1266 omine.
444 1241 530 1265 narn
565 1230 601 1265 in
640 1236 868 1277 transgressu
904 1229 1113 1277 Euphratis,
1146 1242 1256 1278 quem
1293 1237 1405 1278 ponte

137 1293 394 1337 tramittebant,
410 1293 508 1328 nulla
528 1293 648 1340 palam
669 1305 778 1329 causa
793 1294 958 1329 turbatus
978 1305 1105 1341 equus,
1123 1294 1185 1341 qui
1200 1293 1406 1330 consularia

95 1366 119 1395 4
137 1356 293 1404 insignia
312 1357 489 1404 gestabat,
511 1363 607 1392 retro
627 1357 750 1392 evasit.
807 1356 1008 1405 hostiaque,
1024 1368 1118 1405 quae
1134 1357 1406 1401 muniebantur,

136 1419 376 1455 hibernaculis
409 1419 599 1463 adsistens,
630 1419 818 1456 semifacta
848 1432 959 1467 opera
988 1419 1075 1467 fuga
1108 1420 1267 1467 perrupit
1295 1432 1407 1468 seque

95 1495 117 1525 5
136 1482 231 1519 vallo
250 1482 386 1518 extulit.
440 1489 475 1518 et
502 1483 576 1530 pila
598 1483 754 1518 militum
781 1495 912 1527 arsere,
935 1484 1052 1530 magis
1074 1483 1208 1531 insigni
1226 1484 1405 1532 prodigio,

135 1545 222 1594 quia
241 1545 394 1582 Parthus
415 1545 527 1582 hostis
548 1546 746 1582 missilibus
760 1546 839 1582 telis
860 1546 1031 1583 decertat.

190 1613 225 1644 8.
255 1608 428 1645 Ceterum
449 1609 582 1645 Paetus
601 1609 731 1656 spretis
753 1610 949 1654 ominibus,
972 1609 1130 1646 necdum
1150 1610 1237 1646 satis
1257 1610 1409 1647 firmatis

135 1671 388 1715 hibernaculis,
415 1671 515 1707 nullo
542 1671 591 1707 rei
617 1672 874 1707 frumentariae
901 1673 1061 1719 provisu,
1090 1674 1184 1720 rapit
1208 1674 1407 1710 exercitum

134 1740 233 1770 trans
253 1742 419 1771 montem
440 1735 607 1770 Taurum
627 1735 886 1782 reciperandis,
907 1743 944 1771 ut
964 1735 1111 1780 serebat,
1133 1736 1407 1784 Tigranocertis

134 1797 392 1845 vastandisque
430 1798 653 1844 regionibus,
690 1810 780 1845 quas
813 1798 977 1835 Corbulo
1015 1800 1175 1847 integras
1212 1800 1405 1837 omisisset.

94 1869 116 1899 2
135 1865 168 1895 et
196 1866 304 1919 capta
333 1860 515 1907 quaedam
549 1859 704 1903 castella,
738 1859 950 1908 gloriaeque
982 1868 1017 1897 et
1049 1862 1206 1909 praedae
1237 1862 1406 1898 nonnihil

132 1928 292 1972 parturn,
322 1918 351 1958 si
384 1929 445 1958 aut
472 1922 626 1970 gloriam
656 1934 740 1958 cum
770 1923 884 1959 modo
913 1931 973 1959 aut
1001 1924 1176 1971 praedam
1205 1936 1289 1961 cum
1320 1937 1406 1961 cura

92 1994 115 2024 3
135 1985 329 2021 habuisset
383 1985 595 2033 longinquis
623 1985 812 2022 itineribus
838 1988 1098 2034 percursando,
1128 1999 1222 2036 quae
1250 1989 1406 2025 obtineri

134 2048 344 2096 nequibant,
375 2054 562 2095 corrupto,
593 2048 655 2096 qui
684 2055 813 2096 captus
842 2056 928 2093 erat,
953 2058 1161 2086 commeatu
1186 2058 1221 2087 et
1246 2052 1403 2088 instante

1430 547 1446 578 5

1431 863 1468 884 10

1430 1178 1464 1210 15

1428 1500 1466 1522 20

1427 1814 1463 1845 25

133 2111 205 2146 iam
243 2110 372 2153 hieme,
403 2110 545 2145 reduxit
582 2111 782 2147 exercitum
819 2113 1085 2160 conposuitque
1122 2113 1169 2149 ad
1207 2113 1402 2150 Caesarem
1423 2126 1462 2156 30

134 2173 268 2208 litteras
289 2173 393 2220 quasi
413 2172 582 2209 confecto
603 2173 710 2217 bello,
736 2174 852 2209 verbis
872 2176 1087 2222 magnificis,
1107 2188 1228 2212 rerum
1249 2189 1392 2214 vacuas.

187 2240 224 2272 9.
254 2235 403 2270 Interim
426 2235 588 2271 Corbulo
615 2247 820 2283 numquam
843 2237 1049 2284 neglectam
1070 2238 1264 2285 Euphratis
1283 2240 1401 2287 ripam

133 2297 376 2335 crebrioribus
395 2297 583 2345 praesidiis
603 2297 759 2344 insedit,·
787 2305 822 2334 et
845 2311 890 2335 ne
910 2301 1012 2347 ponti
1041 2301 1223 2338 iniciendo
1249 2302 1400 2351 impedi·

1144 2360 1170 2385 H
