1776 2653
186 171 262 197 1.».
282 157 352 210 54]
548 165 696 196 LIBER
722 165 828 197 XJJJ.
888 166 983 197 CAP.
1014 172 1100 208 4-9·

186 267 385 314 egregium,
425 279 537 315 quam
574 266 604 303 si
644 266 889 314 pecuniosum
926 273 962 304 et
1007 267 1123 316 gratia
1160 267 1361 304 subnixum
1399 254 1497 316 perf-i

186 330 568 386 ambfflnssdeligeret.
1461 303 1495 360 Ι

240 396 274 430 ’1.
303 393 408 430 Haec
428 399 536 441 atque
557 393 641 430 talia
659 393 903 441 vulgantibus,
922 393 1023 430 Nero
1043 401 1078 430 et
1098 394 1320 431 iuventutem
1341 394 1464 443 proxi-

186 468 265 492 mas
288 468 354 504 per
378 457 581 504 provincias
607 456 810 507 unam
840 457 1053 505 supplendis
1076 457 1238 494 Orientis
1258 458 1465 505 legionibus

186 518 381 556 admovere
397 519 634 567 legionesque
650 519 749 567 ipsas
764 520 915 568 propius
929 520 1145 556 Armeniam
1161 520 1332 568 cchari
1352 521 1463 565 iubet,
1482 532 1499 564 5

186 582 353 630 duosque
389 589 528 619 veteres
566 594 670 630 reges
707 582 914 630 Agrippam
951 588 1000 633 ες
1027 582 1252 634 Antiochum
1290 583 1463 631 expedire

187 645 323 693 copias,
344 645 424 693 quis
444 644 666 682 Parthmffi
687 645 777 682 fines
796 646 892 681 ultro
912 636 1099 697 intrarent,
1120 646 1228 682 simul
1247 653 1380 694 pontes
1399 658 1465 694 per

147 717 167 745 2
187 720 335 745 amnem
354 708 567 756 Euphraten
592 709 712 756 iungi3
741 715 777 745 et
800 709 982 745 minorem
1002 708 1218 745 Armeniam
1237 709 1462 754 Aristobulo,

186 772 375 818 regionem
406 771 603 820 Sophenen
629 771 816 808 Sohaemo
842 783 925 808 cum
947 772 1282 834 insiQegiis
1302 773 1462 809 mandat.

185 842 407 883 exortusque
427 835 464 872 in
489 843 656 884 tempore
681 836 847 872 aemulus
867 836 1048 884 Vologesi
1067 836 1161 873 filius
1181 836 1375 873 Vardanes
1390 848 1400 881 ς
1429 843 1464 873 et
1485 847 1521 870 10

185 899 394 935 abscessere
414 899 591 935 Armenia
611 899 745 944 Parthi,
767 906 956 947 tamquam
977 899 1163 936 differrent
1183 900 1331 944 bellum,

240 967 276 998 8.
307 962 378 998 Sed
416 962 514 1010 apud
552 969 720 998 senatum
760 963 885 999 omnia
923 963 959 998 in
1001 963 1119 999 maius
1157 947 1339 1009 celebrata
1377 969 1463 1000 sunt

159 1026 531 1096 *QQ'
553 1027 616 1074 qui
637 1026 923 1074 supplicationes
943 1032 978 1062 et
1003 1026 1128 1062 diebus
1149 1027 1462 1074 supplicationum

185 1095 340 1142 vestem
358 1090 512 1150 principi
550 1089 820 1136 triumphalem,
854 1096 967 1137 utque
1011 1100 1126 1125 ovans
1169 1091 1299 1126 urbem
1346 1090 1461 1133 iniret,

185 1135 416 1200 effigiemque
439 1153 516 1188 eius
543 1153 620 1200 pari
646 1152 909 1217 magnitudine
929 1165 973 1200 ac
1003 1152 1136 1193 Martis
1160 1153 1299 1190 Ultoris
1327 1154 1461 1190 eodem
1483 1164 1517 1195 ¹5

185 1216 221 1251 in
248 1216 385 1263 templo
411 1227 597 1261 censuere,
625 1222 767 1263 praeter
793 1210 935 1251 suetam
964 1198 1210 1252 adulationem
1236 1217 1329 1262 laeti,
1360 1218 1462 1265 quod
1505 1239 1517 1274 4
1545 1228 1559 1270 χ

184 1279 388 1315 Domitium
426 1278 678 1315 Corbulonem
718 1279 930 1315 retinendae
963 1270 1163 1335 Armeniae
1197 1287 1467 1332 praeposuerat

98 1332 115 1388 1
125 1332 370 1396 [2fflebatu1
374 1355 445 1391 que
465 1343 567 1379 locus
586 1343 773 1379 virtutibus
794 1334 1030 1391 patefactus&
1065 1344 1194 1391 copiae
1222 1343 1385 1381 Orientis
1413 1345 1461 1381 ita

184 1406 402 1451 dividuntur,
423 1412 460 1442 ut
482 1418 568 1454 pars
594 1405 822 1442 auxiliarium
849 1418 934 1442 cum
959 1406 1102 1443 duabus
1129 1407 1337 1455 legionibus
1362 1409 1459 1456 apud

183 1469 409 1518 provinciam
438 1469 581 1505 Suriam
610 1476 644 1505 et
671 1469 833 1516 legatum
861 1470 939 1506 eius
965 1469 1200 1514 Quadratum
1229 1470 1459 1507 Ummidium
1482 1482 1519 1503 20

183 1539 396 1577 remaneret,
418 1545 483 1581 par
501 1533 635 1569 civium
655 1533 915 1582 sociorumque
936 1545 1109 1570 numerus
1130 1533 1334 1570 Corbuloni
1353 1542 1458 1580 esset,

74 1646 80 1648 Π
183 1597 313 1655 additis
347 1596 558 1652 cohortibus
591 1596 740 1643 alisque,
774 1609 870 1644 quae
899 1597 937 1632 z'n
967 1596 1208 1645 Cappadocia
1236 1597 1458 1643 hiemabant.

136 1670 164 1699 3
184 1649 271 1705 socii
298 1654 412 1714 reges,
438 1666 547 1708 prout
573 1659 670 1696 bello
698 1659 929 1704 conduceret,
954 1672 1080 1718 parere
1110 1660 1216 1696 iussi:
1246 1660 1311 1696 sed
1340 1662 1513 1723 εῐυάἰεηχ

73 1652 309 1779 11460111111
347 1724 386 1759 in
423 1722 673 1759 Corbulonem
705 1714 939 1771 promptiora
977 1725 1093 1759 e'rant
1147 1724 1208 1771 qui
1240 1731 1279 1760 ut
1313 1726 1536 1792 2⁴7st

182 1787 311 1830 famae,
339 1798 433 1834 quae
460 1787 496 1822 in
520 1786 624 1822 novis
650 1786 790 1834 coeptis
818 1786 1040 1823 validissima
1066 1793 1129 1831 est,
1151 1787 1277 1824 itinere
1302 1799 1456 1836 propere
1479 1800 1515 1831 ²5

182 1849 354 1886 consecto
379 1849 477 1897 apud
502 1849 647 1897 Aegeas
672 1839 853 1892 cffiatem
881 1849 1029 1886 Ciliciae
1055 1850 1204 1886 obvium
1225 1850 1457 1896 Quadratum

182 1913 319 1958 habuit,
339 1913 421 1949 illuc
441 1924 689 1960 progressum,
711 1925 769 1957 ne,
790 1913 820 1948 si
841 1913 888 1949 ad
907 1913 1142 1961 accipiendas
1163 1914 1288 1962 copias
1314 1915 1457 1950 Suriam

181 1976 383 2012 intravisset
398 1976 573 2022 Corbulo,
589 1976 757 2012 omnium
772 1988 838 2013 ora
853 1976 889 2012 in
907 1988 944 2012 se
961 1982 1124 2020 verteret,
1141 1988 1297 2024 corpore
1313 1977 1456 2025 ingens,

181 2039 297 2076 verbis
317 2040 522 2094 magnificis
547 2047 580 2075 et
610 2051 719 2087 super
741 2039 1005 2087 experientiam
1033 2040 1325 2088 sapientiamque
1345 2041 1455 2076 etiam

139 2092 329 2168 xxSpecie
322 2104 485 2138 inanium
505 2102 654 2138 validus.
1475 2115 1514 2144 30

234 2170 268 2202 9.
298 2165 472 2202 Ceterum
503 2173 655 2213 uterque
688 2165 734 2201 ad
763 2165 975 2213 Vologesen
1003 2177 1128 2213 regem
1157 2166 1293 2202 nuntiis
1326 2177 1454 2202 mone-

180 2230 278 2274 bant,
299 2241 429 2277 pacem
454 2240 566 2276 quam
593 2228 730 2264 bellum
755 2228 879 2265 mallet
905 2229 1070 2277 datisque
1098 2229 1285 2265 obsidibus
1309 2229 1454 2265 solitam

181 2292 369 2349 erihus.
397 2292 634 2329 reverentiam
670 2292 708 2327 in
745 2291 923 2339 populum
962 2291 1176 2328 Romanum
1210 2292 1452 2328 continuaret.

1196 2354 1218 2377 D
