1776 2653
200 155 365 209 A·1>·55·]
524 162 680 211 '‘ILJBER
707 162 815 193 XJJJ.
873 163 971 194 CAP.
1005 159 1138 204 13—16.

232 222 235 230 ¹
282 220 510 259 :iutJssae‘ss3
562 239 569 256 ae'
1517 224 1544 244 γι

190 217 418 302 '‘tleffiilentos
440 258 653 313 ignorantis,
674 265 1126 305 ille-coonstaffnteissexorsus
1146 270 1199 301 est
1218 276 1378 308 carmen,
1400 276 1475 312 quo
1542 239 1569 301 XX

199 329 384 365 evolutum
418 342 503 365 eum
537 329 624 365 sede
652 328 769 376 patria
797 329 979 376 rebusque
1009 328 1162 377 summis
1192 327 1475 375 significabatur.

180 392 294 439 ¹unde
316 399 394 428 orta
414 392 599 428 miseratio
624 391 860 436 manifestior,
883 393 967 439 quia
988 379 1320 427 dissimulationem
1346 403 1419 426 nox
1440 396 1476 425 et

77 481 80 486 .
124 455 341 510 :zalascivia
369 450 725 511 &extimati-“Nero
753 455 936 491 intellecta
974 455 1106 490 invidia
1138 455 1263 490 odium
1301 454 1474 498 intendit;

201 519 515 567 urguentibusque
535 518 763 566 Agrippinae
785 519 904 561 minis,
928 518 1012 566 quia
1032 518 1172 554 nullum
1193 518 1333 554 crimen
1354 529 1475 564 neque
1495 528 1511 558 5

201 582 324 618 iubere
344 582 497 618 caedem
519 582 635 617 fratris
662 581 784 629 palam
805 582 974 626 audebat,
996 581 1140 618 occulta
1166 581 1313 617 molitur
1337 581 1476 628 parari-

199 657 271 693 que
284 657 468 681 venenum
490 645 601 689 iubet,
622 645 788 681 ministro
802 644 967 681 Pollione
984 645 1077 680 Iulio
1099 645 1300 692 praetoriae
1317 634 1601 695 cohortis-„ss”
1771 664 1772 693 3

200 709 356 752 tribuno,
389 709 492 745 cuius
527 720 612 744 cura
651 709 874 744 attinebatur
911 708 1086 744 damnata
1123 707 1288 743 veneficii
1326 707 1476 743 nomine
1493 699 1521 725 l*
1770 699 1772 742 i

161 779 182 807 5
201 771 363 808 Locusta
401 772 515 808 multa
544 772 720 808 scelerum
749 771 858 809 fama.
916 783 1001 807 nam
1030 779 1069 807 ut
1104 771 1294 819 proximus
1323 771 1477 818 quisque

200 835 412 872 Britannico
440 847 562 884 neque
585 835 639 871 fas
668 847 788 883 neque
817 835 928 871 fidem
959 835 1064 882 pensi
1093 835 1253 879 haberet,
1274 834 1363 871 olim
1391 846 1478 882 pro·
1499 844 1535 864 10

160 909 182 937 6
200 902 316 937 visum
337 908 423 937 erat.
478 901 638 948 primum
659 912 840 936 venenum
861 901 907 935 ab
934 899 1299 954 iias-issepc‘iucatoribus
1325 898 1476 946 accepit,

199 965 425 1012 tramisitque
439 964 606 1000 exsoluta
621 964 702 999 alvo
723 975 856 1011 parum
870 963 1042 1008 validum,
1060 964 1133 999 sive
1148 970 1477 1010 temperamentum

162 1035 182 1066 7
201 1028 328 1072 inerat,
357 1040 402 1064 ne
424 1028 544 1064 statim
572 1028 734 1063 saeviret.
791 1027 856 1063 sed
880 1026 982 1062 Nero
1010 1027 1096 1062 lenti
1123 1026 1269 1062 sceleris
1296 1026 1478 1073 inpatiens

199 1091 358 1126 minitari
396 1092 552 1135 tribuno,
592 1091 715 1126 iubere
756 1090 976 1138 supplicium
1014 1090 1208 1134 veneficae,
1243 1089 1355 1138 quod,
1389 1090 1477 1125 dum

200 1166 385 1191 rumorem
422 1154 629 1201 respiciunt,
669 1154 758 1189 dum
796 1160 927 1201 parant
964 1153 1209 1198 defensiones,
1247 1153 1476 1189 securitatem
1501 1160 1535 1191 15

117 1247 120 1250 ψ
161 1225 440 1256 8mora1·entur.
510 1217 807 1265 promittentibus
845 1217 928 1252 dein
960 1223 1036 1252 tam
1074 1216 1311 1264 praecipitem
1349 1228 1477 1251 necem

201 1293 312 1329 quam
332 1281 361 1317 si
381 1280 477 1317 ferro
493 1286 718 1328 urgueretur²
733 1280 942 1316 cubiculum
961 1280 1130 1315 Caesaris
1145 1280 1246 1316 iuxta
1262 1279 1479 1326 decoquitur

200 1345 296 1380 virus
317 1345 474 1391 cognitis
493 1351 602 1380 antea
617 1344 768 1379 venenis
787 1344 968 1391 rapidum.

253 1411 313 1444 16.
342 1407 429 1443 Mos
458 1407 661 1443 habebatur
693 1406 901 1454 principum
932 1407 1066 1443 liberos
1094 1418 1179 1443 cum
1217 1406 1344 1442 ceteris
1381 1405 1478 1442 idem

202 1471 329 1508 aetatis
364 1471 550 1506 nobilibus
589 1470 759 1506 sedentes
787 1470 884 1506 vesci
916 1470 955 1506 in
991 1477 1142 1518 aspectu
1183 1470 1478 1518 propinquorum
1499 1478 1537 1499 20

163 1518 780 1611 &PLQpLIQL-pamioiffi-mensa.
835 1534 907 1570 illic
936 1534 1106 1582 epulante
1136 1533 1359 1577 Britannico,
1394 1534 1479 1581 quia

203 1599 305 1634 cibos
323 1604 506 1645 potusque
525 1597 603 1656 eius
624 1598 786 1634 delectus
802 1610 847 1633 ex
867 1598 1040 1633 ministris
1059 1604 1167 1643 gustu
1187 1597 1412 1644 explorabat,
1432 1608 1478 1631 ne
1500 1642 1501 1645 Ἰ

201 1661 427 1697 omitteretur
444 1652 654 1696 inStitu't'um
674 1668 736 1697 aut
760 1653 946 1708 utriusque
974 1667 1091 1697 morte
1117 1661 1330 1708 proderetur
1350 1660 1479 1705 scelus,
1498 1652 1499 1655 ¹
1764 1677 1767 1703 t

163 1725 282 1765 3talis
319 1724 426 1760 dolus
463 1730 628 1771 repertus
665 1730 731 1761 est.
787 1725 940 1760 innoxia
977 1724 1097 1759 adhuc
1129 1736 1172 1759 ac
1205 1723 1412 1771 praecalida
1445 1730 1479 1758 et
1764 1707 1767 1771 l

202 1788 311 1823 libata
329 1794 439 1835 gustu
458 1788 560 1834 potio
576 1787 728 1823 traditur
749 1787 962 1823 Britannico
977 1800 986 1832 3
1003 1787 1098 1833 dein,
1121 1794 1320 1835 postquam
1341 1786 1478 1823 fervore
1499 1796 1535 1826 25
1763 1777 1776 1832 l

202 1851 474 1897 aspernabatur,
506 1850 635 1897 frigida
661 1850 698 1885 in
723 1862 820 1898 aqua
845 1850 1056 1886 adfunditur
1083 1862 1279 1894 venenum,
1305 1849 1405 1898 quod
1433 1850 1480 1885 ita
1762 1834 1767 1891 l

203 1919 357 1950 cunctos
385 1914 461 1949 eius
490 1920 588 1950 artus
614 1914 783 1960 pervasit,
808 1920 847 1949 ut
876 1926 947 1950 vox
977 1914 1113 1961 pariter
1141 1920 1176 1949 et
1205 1914 1349 1961 spiritus
1375 1925 1478 1961 rape-
1762 1895 1766 1914 ’

162 1990 185 2017 4
204 1984 338 2013 rentur.
384 1977 584 2024 trepidatur
599 1989 619 2013 a
633 1977 996 2021 circumsedentibus,
1014 1977 1209 2024 diffugiunt
1222 1977 1479 2024 inprudentes:

203 2046 238 2076 at
267 2040 400 2088 quibus
427 2039 531 2076 altior
558 2039 774 2083 intellectus,
806 2039 978 2076 resistunt
1006 2040 1117 2075 defixi
1146 2046 1180 2076 et
1204 2039 1396 2076 Neronem
1425 2040 1478 2074 in-

164 2113 185 2142 5
203 2110 355 2140 tuentes.
411 2103 469 2139 ille
493 2109 533 2138 ut
556 2108 633 2138 erat
659 2103 804 2139 reclinis
824 2110 858 2139 et
878 2104 1003 2139 nescio
1023 2103 1159 2147 similis,
1181 2103 1328 2139 solitum
1356 2103 1405 2138 ita
1430 2103 1477 2138 ait
1498 2111 1536 2140 30

162 2162 818 2233 ts'QQ-itialemmnnbumpquo
843 2166 962 2213 prima
987 2167 1035 2202 ab
1057 2157 1211 2202 infantia
1234 2166 1478 2202 adflictaretur

163 2241 185 2268 6
203 2229 448 2274 Britannicus,
465 2236 500 2265 et
520 2229 699 2266 redituros
718 2229 893 2277 paulatim
908 2230 1007 2266 visus
1023 2241 1237 2276 sensusque.
1292 2235 1328 2265 at
1342 2229 1476 2276 Agrip-

202 2294 311 2341 pinae
340 2293 369 2329 is
401 2304 526 2341 pavor,
554 2305 599 2329 ea
627 2293 876 2364 cgristernatio
905 2293 1049 2338 mentis,
1077 2293 1244 2342 quamvis
1270 2292 1370 2328 vultu
1398 2305 1476 2340 pre-
