1725 2653
526 181 755 212 CORNELII
785 182 951 212 TAclTl
973 182 1241 213 ANNALJUM
1292 174 1425 228 [mue.
1449 185 1520 214 811.

245 282 347 318 illum
367 282 500 319 domus
520 283 598 319 eius
617 282 822 319 adulterum
847 282 966 320 fuisse.
1022 295 1069 320 an
1089 284 1232 332 gravius
1252 284 1521 321 aestimandum
1540 294 1561 323 5

247 353 378 393 sponte
403 346 592 393 litigatoris
618 347 823 394 praemium
850 346 1025 383 honestae
1052 359 1186 394 operae
1215 347 1378 396 adsequi,
1409 361 1522 396 quam

248 421 483 457 corrumpere
512 402 681 446 cubicula
705 410 913 457 principum
942 410 1190 448 feminarum?
1235 423 1308 459 qua
1333 411 1520 459 sapientia,
1542 425 1564 453 6

249 473 381 521 quibus
410 472 717 520 philosophorum
746 473 952 520 praeceptis
977 473 1071 509 intra
1097 474 1378 521 quadriennium
1403 474 1523 522 regiae

212 550 229 581 5
250 536 428 572 amicitiae
462 542 513 572 ter
546 535 689 571 miliens
727 536 933 572 sestertium
966 537 1186 584 paravisset?
1243 537 1385 574 Romae
1416 544 1562 575 testa-7

249 606 373 635 menta
392 606 427 635 et
446 599 558 636 orbos
577 599 673 635 velut
693 599 864 647 indagine
895 599 972 636 eius
993 600 1085 647 capi,
1108 600 1250 636 Italiam
1269 608 1304 637 et
1324 601 1525 649 provincias

249 662 419 699 inmenso
432 662 581 699 faenore
598 662 729 698 hauriri
747 676 756 699 ε
787 669 822 699 at
842 663 909 699 sibi
925 663 1049 700 labore
1065 664 1268 711 quaesitam
1284 671 1319 701 et
1339 664 1524 700 modicam

250 726 445 774 pecuniam
467 738 558 762 esse.
599 727 748 771 crimen,
764 727 979 774 periculum,
1001 727 1126 763 omnia
1146 728 1268 775 potius
1287 728 1523 764 toleraturum
1543 740 1566 767 8

249 802 362 839 quam
382 797 541 826 veterem
567 801 609 826 ac
635 789 735 826 domi
764 796 906 838 partam
933 790 1185 839 dignationem
1206 791 1345 828 subitae
1367 791 1526 828 felicitati

194 867 233 889 10
251 854 488 890 submitteret.

302 921 366 954 43.
396 917 475 954 Nec
496 917 646 954 deerant
659 917 720 965 qui
739 916 829 954 haec
846 916 962 954 isdem
977 917 1094 954 verbis
1115 925 1176 954 aut
1196 930 1297 955 versa
1314 918 1352 954 in
1368 908 1526 955 deterius

251 980 415 1017 Senecae
444 980 634 1017 deferrent.
691 981 897 1028 repertique
931 989 1164 1018 accusatores
1195 982 1357 1029 direptos
1392 981 1524 1026 socios,

251 1055 336 1081 cum
358 1043 503 1080 Suillius
523 1044 751 1090 provinciam
770 1044 896 1079 Asiam
924 1051 1075 1091 regeret,
1096 1057 1138 1081 ac
1161 1045 1328 1092 publicae
1348 1045 1526 1092 pecuniae

252 1107 461 1155 peculatum
500 1107 717 1143 detulerunt.
789 1119 889 1151 mox,
929 1109 1013 1155 quia
1052 1108 1326 1156 inquisitionem
1364 1120 1526 1144 annuam
1544 1121 1564 1147 2

197 1184 233 1216 15
252 1171 543 1218 impetraverant,
569 1171 711 1206 brevius
735 1171 850 1206 visum
880 1171 1021 1207 urbana
1047 1172 1200 1207 crimina
1226 1171 1346 1219 incipi,
1367 1183 1526 1219 quorum

252 1234 348 1270 obvii
375 1241 484 1270 testes
503 1240 615 1270 erant.
672 1234 695 1269 ii
716 1234 912 1270 acerbitate
936 1235 1181 1287 accusationis
1202 1234 1248 1279 Q.
1278 1234 1527 1282 Pomponium
1545 1246 1565 1274 3

253 1298 299 1334 ad
332 1298 587 1334 necessitatem
617 1298 701 1333 belli
734 1290 846 1333 civilis
880 1298 1078 1342 detrusum,
1112 1298 1241 1334 Iuliam
1272 1296 1384 1333 Drusi
1417 1298 1528 1333 filiam

255 1361 503 1409 Sabinamque
523 1360 737 1408 Poppaeam
758 1361 805 1396 ad
830 1367 988 1397 mortem
1014 1368 1113 1397 actas
1133 1367 1168 1397 et
1188 1361 1375 1397 Valerium
1396 1361 1528 1397 Asiati-

254 1437 350 1469 cum,
378 1424 530 1460 Lusium
560 1424 807 1468 Saturninum,
837 1424 1050 1460 Cornelium
1077 1424 1225 1472 Lupum
1251 1425 1527 1469 circumventos,

199 1504 238 1525 20
255 1490 326 1524 iam
372 1488 534 1535 equitum
581 1487 841 1524 Romanorum
885 1489 1035 1534 agmina
1072 1486 1252 1524 'damnata
1302 1499 1527 1535 omnemque

255 1551 398 1588 Claudii
418 1551 604 1587 saevitiam
626 1550 750 1587 Suillio
770 1551 1014 1587 obiectabant.
1070 1551 1127 1586 ille
1149 1551 1235 1586 nihil
1255 1563 1300 1586 ex
1321 1551 1377 1586 his
1396 1561 1527 1598 sponte
1541 1557 1564 1585 4

255 1622 472 1663 susceptum,
512 1614 576 1650 sed
611 1614 766 1661 principi
807 1615 971 1662 paruisse
1013 1614 1245 1658 defendebat,
1285 1614 1405 1650 donec
1447 1626 1527 1650 eam

254 1679 460 1715 orationem
502 1677 641 1714 Caesar
685 1677 860 1722 cohibuit,
899 1685 1131 1725 compertum
1177 1677 1244 1713 sibi
1283 1677 1442 1713 referens
1482 1689 1528 1713 ex

255 1741 528 1778 commentariis
556 1741 669 1789 patris
695 1742 749 1777 sui
776 1741 915 1777 nullam
942 1741 1162 1788 cuiusquam
1185 1741 1458 1777 accusationem
1482 1741 1529 1776 ab

199 1820 236 1851 ²5
256 1817 301 1841 co
337 1812 514 1841 coactam.
587 1811 663 1840 tum
701 1804 797 1840 iussa
838 1804 1063 1840 Messalinae
1101 1804 1291 1851 praetendi
1333 1810 1368 1840 et
1405 1804 1566 1842 labar-es

256 1868 439 1904 defensio:
478 1879 542 1903 cur
569 1868 668 1902 enim
697 1867 884 1903 neminem
912 1867 1022 1902 alium
1051 1867 1233 1903 delectum
1263 1867 1326 1915 qui
1354 1867 1528 1903 saevienti

255 1931 462 1979 impudicae
506 1942 634 1966 vocem
678 1931 890 1977 praeberet?
937 1929 1146 1977 puniendos
1184 1941 1306 1964 rerum
1349 1929 1528 1965 atrocium

255 1994 452 2038 ministros,
464 1994 527 2029 ubi
548 1994 660 2041 pretia
673 1993 850 2032 scelerum
865 1993 986 2040 adepti
1001 1992 1228 2040 sceleraipsa
1248 1992 1326 2028 aliis
1345 1992 1526 2043 delegerit.

255 2059 363 2105 igitur
382 2057 554 2104 adempta
572 2057 756 2093 bonorum
776 2061 878 2104 parte
900 2055 1002 2105 (nam
1025 2056 1098 2092 filio
1118 2063 1153 2091 et
1174 2056 1272 2103 nepti
1292 2067 1375 2103 pars
1397 2067 1527 2092 conce·
1545 2065 1567 2094 6

200 2135 239 2165 30
257 2121 409 2158 debatur
437 2120 763 2166 eximebanturque
792 2119 902 2155 etiam
931 2131 1025 2167 quae
1060 2125 1279 2155 testamento
1308 2118 1433 2154 matris
1466 2124 1528 2153 aut

257 2185 356 2220 aviae
389 2180 624 2231 acceperant)
658 2183 694 2218 in
725 2182 861 2218 insulas
890 2181 1061 2218 Baleares
1089 2182 1243 2229 pellitur,
1276 2194 1353 2218 non
1381 2181 1419 2216 in
1446 2181 1526 2228 ipso

257 2247 476 2291 discrimine,
507 2258 583 2283 non
615 2253 697 2293 post
730 2245 1005 2281 damnationem
1038 2244 1173 2281 fractus
1204 2245 1351 2289 animo;
1389 2244 1527 2280 fereba-

256 2317 386 2359 turque
406 2310 557 2357 copiosa
569 2315 606 2371 et
626 2309 726 2345 molli
747 2308 817 2344 vita
839 2315 1017 2344 secretum
1038 2307 1125 2344 illud
1145 2307 1364 2344 toleravisse.
1412 2307 1524 2342 filium
1544 2315 1565 2346 7
