1674 2653
537 204 768 236 CORNELII
798 205 961 236 TAClTl
986 205 1254 236 ANNALIUM
1304 199 1436 251 [A.U.C.
1457 210 1529 249 819.

252 308 389 355 templa
410 320 476 355 pro
497 306 691 343 solitudine
718 306 878 350 haberet,
899 307 959 354 qui
987 307 1214 343 minitaretur
1238 308 1386 344 exilium
1413 320 1532 354 suum,

253 372 465 407 ambitionis
505 382 638 418 pravae
678 376 889 417 compotem
931 369 1101 406 facerent.
1158 382 1234 406 non
1276 371 1325 406 illi
1367 372 1573 411 consultae

252 434 353 478 haec,
375 446 449 471 non
470 434 703 481 magistratus
729 440 790 468 aut
812 432 1023 469 Romanam
1050 434 1180 469 urbem
1205 433 1328 470 videri.
1384 436 1532 470 abrum-

252 504 354 545 peret
389 499 497 533 vitam
531 497 578 533 ab
608 507 652 533 ea
685 495 840 542 civitate,
877 496 982 532 cuius
1016 496 1204 533 caritatem
1238 497 1336 541 olim,
1367 509 1465 535 nunc
1498 504 1533 535 et

215 571 233 603 5
253 567 442 607 aspectum
463 560 634 596 exuisset.

305 628 371 661 29.
405 623 500 660 Cum
532 635 596 671 per
625 623 716 659 haec
744 629 853 671 atque
882 623 966 659 talia
995 622 1203 667 Marcellus,
1235 630 1274 660 ut
1304 630 1380 660 erat
1411 629 1533 660 torvus

252 699 296 723 ac
333 687 469 732 minax,
504 698 592 723 voce
624 686 723 722 voltu
758 686 876 722 oculis
914 686 1128 730 ardesceret,
1164 698 1239 723 non
1277 687 1336 723 illa
1372 694 1460 723 nota
1496 694 1532 723 et

252 750 457 787 celebritate
496 749 742 798 periculorum
785 756 887 786 sueta
928 750 1003 786 iam
1046 757 1193 786 senatus
1235 751 1428 794 maestitia,
1469 750 1533 786 sed

253 827 370 851 novus
402 821 437 851 et
470 814 576 850 altior
613 825 725 861 pavor
762 825 896 850 manus
928 821 963 850 et
994 814 1066 850 tela
1098 814 1255 850 militum
1290 814 1532 850 cernentibus.

197 888 235 911 10
252 878 358 914 simul
386 878 500 925 ipsius
530 877 719 913 Thraseae
754 877 971 913 venerabilis
1005 877 1143 925 species
1172 878 1456 923 obversabatur3
1497 885 1570 916 etz

252 948 353 978 erant
373 943 435 989 qui
458 940 670 977 Helvidium
687 952 834 989 quoque
855 941 1125 984 miserarentur,
1142 941 1313 977 innoxiae
1333 940 1532 977 adfinitatis

250 1017 391 1053 poenas
433 1005 613 1041 daturum.
668 1004 758 1053 quid
800 1005 1007 1052 Agrippino
1050 1005 1236 1041 obiectum
1279 1004 1349 1041 nisi
1391 1005 1570 1042 tristem3

252 1069 362 1116 patris
395 1069 605 1105 fortunam?
645 1068 797 1116 quando
831 1075 866 1104 et
900 1068 957 1104 ille
992 1067 1144 1115 perinde
1178 1068 1356 1104 innocens
1392 1068 1530 1105 Tiberii

251 1133 398 1168 saevitia
431 1132 662 1168 concidisset.
717 1132 905 1168 enimvero
938 1130 1162 1167 Montanum
1192 1131 1571 1179 probae‘iuventae4

196 1207 231 1238 15
252 1207 370 1243 neque
386 1196 516 1232 famosi
536 1195 719 1240 carminis,
736 1195 820 1243 quia
835 1195 1026 1242 protulerit
1041 1195 1242 1242 ingenium,
1260 1201 1444 1231 extorrem
1461 1195 1530 1242 agi.

303 1264 369 1296 30.
403 1260 525 1308 Atque
559 1259 705 1295 interim
741 1258 912 1294 Ostorius
946 1256 1116 1301 Sabinus,
1157 1258 1291 1294 Sorani
1328 1265 1529 1304 accusator,

249 1324 449 1371 ingreditur
481 1323 694 1371 orditurque
727 1323 772 1358 de
805 1322 963 1358 amicitia
998 1320 1156 1358 Rubellii
1190 1321 1319 1366 Plauti,
1354 1322 1530 1370 quodque

249 1387 548 1434 proconsulatum
580 1387 690 1422 Asiae
724 1385 886 1421 Soranus
916 1397 984 1432 pro
1015 1385 1174 1421 claritate
1208 1385 1276 1422 sibi
1309 1386 1432 1433 potius
1465 1386 1530 1421 ad·

250 1450 530 1486 commodatum
567 1461 680 1497 quam
717 1461 762 1485 ex
798 1448 950 1484 utilitate
984 1448 1174 1484 communi
1212 1448 1356 1496 egisset,
1395 1448 1529 1485 alendo

195 1525 233 1546 20
250 1514 445 1550 seditiones
492 1513 702 1549 civitatium.
758 1518 878 1547 vetera
924 1510 1036 1547 haec:
1090 1511 1154 1547 sed
1196 1523 1326 1548 recens
1371 1518 1408 1549 et
1453 1517 1568 1561 quoa

249 1576 450 1613 discrimini
488 1576 600 1624 patris
638 1576 748 1611 filiam
786 1575 1008 1617 conectebat,
1048 1575 1147 1621 quod
1182 1575 1377 1622 pecuniam
1411 1575 1529 1622 magis

250 1640 416 1688 dilargita
452 1646 557 1676 esset.
614 1639 796 1675 acciderat
833 1649 921 1673 sane
959 1639 1091 1685 pietate
1131 1637 1302 1674 Serviliae
1343 1637 1393 1687 (id
1430 1638 1566 1674 enim3

249 1716 385 1742 nomen
423 1703 565 1752 puellae
601 1700 695 1752 suit),
734 1713 828 1749 quae
866 1701 1015 1737 caritate
1053 1713 1140 1749 erga
1179 1708 1382 1749 parentem,
1422 1702 1529 1737 simul

249 1768 480 1816 inprudentia
519 1767 657 1810 aetatis,
691 1777 768 1801 non
808 1773 932 1801 tamen
971 1765 1068 1801 aliud
1108 1765 1374 1801 consultaverat
1415 1777 1528 1813 quam

194 1841 230 1871 ²5
249 1832 293 1868 de
323 1831 573 1868 incolumitate
603 1830 747 1871 domus,
778 1836 813 1865 et
847 1841 894 1865 an
925 1829 1113 1876 placabilis
1145 1827 1255 1872 Nero,
1288 1840 1335 1863 an
1366 1828 1528 1876 cognitio

250 1902 398 1932 senatus
431 1894 520 1929 nihil
551 1899 654 1929 atrox
686 1892 851 1928 adferret.
907 1892 1014 1939 igitur
1045 1892 1161 1928 accita
1191 1897 1246 1927 est
1278 1891 1316 1926 in
1349 1895 1566 1933 senatum‚4

249 1966 499 2005 steteruntque
534 1956 665 1993 diversi
698 1961 783 1992 ante
823 1955 980 1991 tribunal
1017 1954 1211 1991 consulum
1248 1954 1399 2001 grandis
1437 1966 1528 1990 aevo

249 2033 392 2070 parens,
422 2027 551 2057 contra
579 2019 651 2055 filia
680 2019 774 2054 intra
802 2018 1042 2054 vicensimum
1072 2017 1200 2054 aetatis
1231 2028 1380 2060 annum,
1411 2028 1528 2065 nuper

250 2086 380 2121 marito
400 2085 525 2120 Annio
552 2083 717 2118 Pollione
737 2082 772 2117 in
795 2082 945 2117 exilium
971 2082 1078 2129 pulso
1105 2081 1251 2116 viduata
1279 2079 1527 2127 desolataque,

194 2162 233 2192 30
251 2162 293 2185 ac
340 2161 385 2184 ne
428 2155 570 2195 patrem
616 2145 765 2194 quidem
807 2145 963 2189 intuens,
1005 2145 1107 2181 cuius
1149 2155 1322 2180 onerasse
1363 2142 1528 2191 pericula

250 2212 450 2248 videbatur.

303 2280 359 2312 31.
392 2274 493 2309 Tum
526 2274 771 2320 interrogante
796 2278 1018 2314 accusatore,
1054 2283 1100 2307 an
1139 2271 1256 2308 cultus
1293 2271 1444 2315 dotales,
1478 2283 1525 2307 an

253 2339 456 2376 detractum
492 2337 621 2373 cervici
659 2336 795 2372 monile
836 2346 968 2372 venum
1009 2334 1177 2378 dedisset,
1217 2346 1292 2384 quo
1330 2333 1525 2384 pecuniam
