1674 2653
127 208 204 234 ΑΛ).
225 195 295 247 66.]
472 202 616 233 LIBER
645 201 744 235 XVI.
803 204 897 234 CAP.
932 200 1066 234 16-20.

177 308 239 340 18.
270 303 326 339 De
347 303 388 340 C.
411 303 584 339 Petronio
605 316 722 351 pauca
745 316 853 351 supra
881 305 1079 352 repetenda
1101 312 1194 341 sunt.
1251 317 1336 340 nam
1357 305 1404 340 illi

125 366 203 403 dies
224 379 288 415 per
307 379 491 411 somnum,
513 379 588 403 nox
610 367 737 403 officiis
757 374 791 403 et
812 368 1091 404 oblectamentis
1109 369 1203 404 vitae
1230 369 1404 416 transige-

125 430 253 476 batur3
281 437 394 478 utque
413 430 503 467 alios
522 430 709 474 industria,
731 430 779 466 ita
799 430 897 467 hunc
920 432 1065 478 ignavia
1084 432 1131 468 ad
1157 432 1295 467 famam
1321 444 1403 479 pro-

124 494 263 539 tulerat,
285 494 560 541 habebaturque
581 506 656 530 non
674 505 793 541 ganeo
809 501 844 530 et
860 495 1084 542 profligator,
1101 502 1140 531 ut
1161 495 1323 542 plerique
1340 508 1405 531 sua

85 563 105 590 2
123 557 377 602 haurientium,
400 558 463 594 sed
484 558 627 594 erudito
652 558 749 594 luxu.
805 570 847 594 ac
863 558 960 594 dicta
981 558 1150 606 factaque
1170 560 1246 594 eius
1266 568 1403 606 quanto

124 621 298 658 solutiora
334 628 370 658 et
406 622 593 669 quandam
633 622 687 658 sui
718 621 990 669 neglegentiam
1018 621 1272 669 praeferentia,
1303 629 1404 658 tanto

84 688 104 715 3
122 685 260 731 gratius
290 685 327 720 in
355 685 514 732 speciem
545 685 789 733 simplicitatis
819 685 1104 732 accipiebantur.
1160 697 1227 732 pro
1255 686 1403 721 consule

123 755 246 784 tamen
283 747 475 796 Bithyniae
512 755 547 784 et
593 761 681 785 mox
720 749 850 785 consul
887 749 1072 796 vigentem
1110 760 1149 785 se
1186 761 1229 784 ac
1276 760 1403 796 parem

81 812 279 859 4negotiis
316 812 487 849 ostendit.
564 813 649 849 dein
687 812 871 848 revolutus
917 812 964 848 ad
1001 813 1095 857 vitia,
1135 824 1199 848 seu
1236 813 1403 848 vitiorum

121 875 332 919 imitatione,
363 876 456 912 inter
483 888 622 923 paucos
660 876 893 912 familiarium
924 874 1064 912 Neroni
1094 876 1308 923 adsumptus
1337 883 1400 919 est,

121 939 323 988 elegantiae
362 940 504 984 arbiter,
535 940 623 975 dum
657 939 744 975 nihil
775 951 975 975 amoenum
1003 947 1038 975 et
1066 940 1177 976 molle
1206 940 1403 976 adfluentia

81 1015 101 1043 5
122 1009 234 1050 putat,
266 1003 334 1038 nisi
372 1003 473 1051 quod
511 1004 544 1039 ei
574 1003 769 1039 Petronius
800 1003 1087 1051 adprobavisset.
1142 1004 1241 1039 unde
1270 1003 1403 1039 invidia

122 1066 295 1113 Tigellini
335 1067 439 1114 quasi
477 1067 648 1103 adversus
686 1067 873 1103 aemulum
911 1074 946 1103 et
983 1067 1133 1103 scientia
1174 1066 1402 1114 voluptatum

121 1131 315 1177 potiorem.
370 1141 459 1177 ergo
488 1130 739 1166 crudelitatem
767 1130 955 1177 principis,
985 1130 1041 1166 cui
1068 1137 1208 1166 ceterae
1235 1130 1402 1166 libidines

120 1193 312 1236 cedebant,
334 1193 554 1241 adgreditur,
578 1193 774 1229 amicitiam
803 1193 970 1229 Scaevini
998 1193 1172 1229 Petronio
1201 1193 1400 1235 obiectans,

121 1263 294 1304 corrupto
315 1256 360 1293 ad
380 1257 554 1293 indicium
577 1269 681 1293 servo
702 1257 949 1305 ademptaque
970 1257 1183 1293 defensione
1203 1263 1238 1293 et
1263 1257 1403 1292 maiore

121 1327 223 1368 parte
243 1319 401 1356 familiae
423 1320 459 1355 in
480 1320 600 1356 vincla
620 1327 733 1368 rapta.

173 1388 231 1420 19.
262 1383 372 1419 Forte
409 1384 477 1419 illis
515 1384 644 1420 diebus
681 1384 925 1432 Campaniam
971 1385 1146 1432 petiverat
1183 1384 1330 1428 Caesar,
1370 1393 1403 1420 et

120 1446 258 1483 Cumas
278 1458 394 1495 usque
414 1458 634 1494 progressus
655 1446 850 1483 Petronius
871 1447 943 1483 illic
964 1448 1207 1492 attinebatur3
1238 1459 1305 1483 nec
1326 1447 1402 1483 tulit

80 1518 101 1546 2
119 1510 210 1546 ultra
238 1510 378 1546 timoris
404 1517 464 1546 aut
492 1511 570 1557 spei
600 1522 736 1546 moras.
793 1522 915 1558 neque
941 1517 1064 1546 tamen
1091 1522 1271 1558 praeceps
1290 1511 1402 1546 vitam

119 1573 266 1621 expulit,
289 1574 355 1610 sed
380 1574 512 1610 incisas
532 1585 654 1618 venas,
677 1580 715 1610 ut
729 1574 882 1618 libitum,
900 1573 1079 1621 obligatas
1099 1575 1238 1621 aperire
1259 1586 1402 1610 rursum

119 1643 154 1672 et
174 1636 324 1684 adloqui
345 1636 496 1681 amicos,
517 1649 593 1673 non
614 1648 678 1684 per
698 1637 790 1673 seria
811 1644 871 1672 aut
898 1637 1031 1685 quibus
1053 1637 1208 1684 gloriam
1229 1644 1401 1673 constan-

80 1708 100 1736 3
120 1700 189 1736 tiae
218 1706 367 1748 peteret.
421 1700 668 1748 audiebatque
706 1700 915 1744 referentes,
946 1699 1034 1735 nihil
1065 1701 1110 1736 de
1139 1700 1401 1737 inmortalitate

119 1763 264 1799 animae
297 1770 332 1799 et
371 1764 588 1811 sapientium
618 1763 772 1811 placitis,
805 1763 868 1799 sed
903 1763 995 1799 levia
1024 1764 1188 1799 earmina
1215 1770 1250 1799 et
1278 1763 1402 1800 faciles

78 1833 102 1861 4
120 1839 252 1863 versus.
292 1838 477 1863 servorum
498 1827 587 1863 alios
604 1827 808 1874 largitione,
826 1826 1009 1875 quosdam
1025 1827 1235 1863 verberibus
1255 1826 1398 1865 adfecit.

118 1891 195 1926 iniit
232 1896 267 1926 et
295 1890 432 1937 epulas,
464 1902 598 1926 somno
627 1890 784 1933 indulsit,
814 1898 852 1925 ut
881 1901 1110 1937 quamquam
1140 1897 1269 1926 coacta
1301 1902 1401 1926 mors

79 1959 100 1987 5
119 1953 286 1990 fortuitae
313 1953 439 1989 similis
466 1960 569 1989 esset.
641 1965 688 1989 ne
715 1953 891 1990 codicillis
918 1953 1080 2000 quidem,
1110 1954 1210 2001 quod
1238 1953 1402 2001 plerique

118 2017 360 2064 pereuntium,
407 2016 597 2053 Neronem
644 2024 705 2053 aut
753 2016 982 2063 Tigellinum
1029 2023 1090 2053 aut
1135 2029 1246 2065 quem
1291 2019 1402 2053 alium

119 2080 321 2127 potentium
341 2079 509 2116 adulatus
530 2086 607 2116 est:
642 2080 707 2117 sed
727 2079 865 2126 flagitia
892 2080 1068 2127 principis
1096 2081 1163 2115 sub
1191 2081 1403 2116 nominibus

119 2142 347 2179 exoletorum
374 2142 666 2191 feminarumque
694 2150 730 2179 et
754 2143 954 2178 novitatem
976 2143 1156 2191 cuiusque
1183 2144 1294 2191 stupri
1322 2155 1402 2191 per-

121 2205 265 2252 scripsit
286 2212 395 2252 atque
421 2205 617 2252 obsignata
643 2205 739 2241 misit
760 2205 913 2242 Neroni.
971 2205 1147 2252 fregitque
1173 2206 1335 2251 anulum,
1357 2218 1402 2242 ne

120 2279 207 2303 mox
228 2268 307 2303 usui
328 2274 424 2303 esset
443 2268 490 2303 ad
508 2268 676 2304 facienda
696 2268 870 2316 pericula.

174 2334 238 2367 20.
269 2331 484 2377 Ambigenti
516 2330 669 2375 Neroni,
700 2343 863 2379 quonam
898 2332 1013 2368 modo
1052 2333 1217 2368 noctium
1254 2344 1402 2369 suarum

1423 573 1440 603 5

1426 891 1461 912 10

1424 1524 1460 1544 20

1422 1839 1458 1868 ²5

1423 2152 1461 2182 30
