1776 2653
559 161 787 193 CORNELII
819 162 982 193 TAClTl
1006 161 1273 192 ANNALIUM
1323 152 1457 206 [A.U.C.
1478 162 1549 201 807.

278 264 552 300 accusatoribus
576 271 609 299 et
631 264 700 299 reis
722 275 923 310 paucorum
945 264 1108 311 potentia
1131 269 1374 311 grassaretm:;
1404 263 1491 298 nihil
1512 263 1548 299 in

278 327 470 374 penatibus
484 327 557 363 suis
570 326 697 362 venale
711 333 771 362 aut
784 327 973 362 ambitioni
987 327 1169 379 pervium5
1191 327 1381 363 discretam
1395 327 1547 363 domum

277 397 312 426 et
334 402 408 426 rem
430 390 626 437 publicam.
682 396 819 426 teneret
845 380 1142 438 antiquafr'nunia
1170 375 1329 436 senatffi,
1352 390 1543 427 consulum
1564 401 1584 429 3

279 453 516 489 tribunalibus
526 453 629 489 Italia
643 460 677 489 et
690 453 856 500 publicae
869 454 1076 501 provinciae
1089 454 1320 490 adsisterent:
1343 453 1390 489 illi
1403 460 1548 501 patrum

243 529 260 561 5
279 516 416 551 aditum
436 517 664 564 praeberent,
685 529 722 552 se
744 516 924 553 mandatis
944 517 1160 553 exercitibus
1181 517 1443 567 corerum.

332 585 366 616 5.
399 579 479 616 Nec
507 580 617 616 defuit
652 580 753 624 fides,
782 581 971 628 multaque
1002 581 1149 627 ar-Qtrjo
1179 587 1326 617 senatus
1358 581 1551 617 constituta

279 650 363 679 sunt
378 656 384 678 :
407 656 451 679 ne
465 644 545 691 quis
562 644 606 679 ad
621 655 770 679 causam
788 643 965 680 orandam
979 644 1149 680 mercede
1163 651 1222 680 aut
1237 644 1343 680 donis
1358 650 1549 687 emeretur,

278 718 324 742 ne
345 707 542 753 designatis
562 707 818 754 quaestoribus
839 707 971 743 edendi
991 707 1207 755 gladiatores
1228 708 1426 744 necessitas
1446 713 1549 743 esset.

279 770 379 817 quod
408 770 557 818 quidem
585 770 799 807 adversante
828 771 1043 818 Agrippina,
1073 777 1264 819 tamquam
1294 778 1373 807 acta
1408 770 1550 807 Claudii
1568 777 1588 804 2

224 845 262 867 10
280 835 583 878 subverterentur,
608 834 818 870 obtinuere
863 840 996 882 patres,
1035 834 1097 882 qui
1138 835 1176 870 in
1212 834 1390 870 Palatium
1430 834 1479 870 ob
1516 833 1552 883 id

279 898 515 941 vocabantur,
540 904 579 933 ut
604 898 761 934 adstaret
787 897 918 933 additis
941 909 963 933 a
988 904 1090 944 tergo
1118 897 1255 934 foribus
1281 898 1360 934 velo
1387 880 1560 940 &scietas

279 960 379 1008 quod
408 961 524 995 visum
553 967 700 1004 arceret,
730 960 875 996 auditus
903 972 979 997 non
1007 961 1193 996 adimeret.
1249 961 1336 1008 quin
1360 967 1395 997 et
1423 961 1551 1008 legatis
1569 968 1589 995 3

280 1024 541 1060 Armeniorum
566 1035 715 1059 causam
740 1024 859 1071 gentis
886 1024 985 1071 apud
1010 1023 1198 1060 Neronem
1218 1025 1405 1061 orantibus
1426 1033 1569 1084 escen!

281 1087 365 1123 dere
392 1093 605 1135 suggestum
632 1088 862 1135 imperatoris
883 1095 917 1124 et
945 1087 1151 1135 praesidere
1176 1088 1281 1124 simul
1301 1088 1462 1136 parabat,
1484 1087 1553 1123 nisi

227 1164 262 1195 15
282 1151 409 1187 ceteris
443 1163 579 1198 pavore
618 1151 747 1187 defixis
782 1150 922 1187 Seneca
959 1151 1221 1196 admonuisset,
1256 1151 1412 1188 venienti
1449 1150 1553 1187 matri

282 1220 496 1251 occurreret.
555 1214 611 1250 Ita
635 1215 756 1262 specie
777 1214 919 1262 pietatis
940 1215 1086 1250 obviam
1107 1215 1195 1250 itum
1216 1195 1429 1313 dedecoriss

333 1282 368 1314 6.
399 1277 487 1313 Fine
509 1278 596 1313 anni
617 1278 770 1313 turbidis
787 1278 999 1314 rumoribus
1010 1278 1218 1325 prorupisse
1236 1290 1380 1314 rursum
1429 1277 1554 1315 arthos

280 1348 314 1377 et
339 1341 415 1389 rapi
442 1341 658 1376 Armeniam
684 1341 844 1377 adlatum
872 1347 936 1385 est,
964 1341 1070 1388 pulso
1099 1341 1327 1386 Radamisto,
1352 1342 1414 1389 qui
1442 1352 1552 1388 saepe

281 1405 382 1452 regni
408 1405 486 1441 eius
514 1405 659 1451 potitus,
686 1404 771 1440 dein
797 1404 983 1451 profugus,
1012 1411 1088 1439 tum
1112 1416 1260 1452 quoque
1287 1404 1423 1440 bellum
1449 1403 1552 1439 dese-

226 1479 264 1500 20
282 1474 412 1504 ruerat.
467 1468 575 1515 igitur
604 1468 641 1503 in
671 1468 759 1503 urbe
789 1479 1004 1503 sermonum
1038 1467 1152 1511 avida,
1185 1479 1296 1515 quern
1325 1467 1371 1503 ad
1400 1467 1552 1503 modum
1570 1472 1591 1499 2

281 1532 452 1579 princeps
489 1531 546 1566 vix
584 1531 846 1578 septemdecim
884 1542 1003 1566 annos
1040 1542 1209 1576 egressus
1251 1530 1434 1578 susgipere
1470 1541 1552 1566 eam

281 1594 415 1631 molem
452 1601 512 1629 aut
549 1593 764 1641 propulsare
802 1599 937 1641 posset,
971 1593 1071 1641 quod
1105 1593 1306 1629 subsidium
1343 1593 1379 1628 in
1416 1606 1460 1629 eo
1493 1592 1554 1640 qui

281 1667 302 1690 a
332 1655 467 1691 semina
502 1661 693 1701 regeretur,
727 1665 815 1689 num
849 1653 988 1701 proelia
1017 1665 1165 1701 quoque
1193 1660 1228 1689 et
1257 1653 1555 1700 obpugnationes

282 1717 425 1752 urbium
463 1723 498 1751 et
533 1722 652 1752 cetera
682 1716 764 1751 belli
796 1728 860 1763 per
892 1716 1087 1763 magistros
1120 1716 1362 1752 administrari
1394 1722 1554 1763 possent,

227 1793 263 1824 ²5
283 1780 538 1828 anquirebant.
593 1786 722 1815 contra
749 1779 806 1814 alii
836 1779 963 1814 melius
990 1779 1153 1815 evenisse
1177 1779 1369 1823 disserunt,
1391 1791 1502 1826 quam
1526 1780 1554 1815 si
1572 1787 1592 1815 3

282 1843 461 1878 invalidus
499 1848 647 1878 senecta
684 1848 718 1878 et
756 1842 900 1889 ignavia
938 1841 1113 1878 Claudius
1147 1842 1296 1878 militiae
1334 1842 1380 1878 ad
1413 1842 1555 1878 labores

283 1913 484 1950 vocaretur,
501 1906 687 1941 servilibus
703 1906 808 1941 iussis
824 1906 1151 1953 obtemperaturus.
1200 1905 1356 1941 Burrum
1376 1912 1500 1941 tamen
1521 1912 1554 1942 et
1573 1912 1596 1940 4

285 1969 465 2005 Senecam
481 1969 676 2004 multarum
692 1980 812 2004 rerum
830 1952 1259 2016 expffltos;
1289 1975 1326 2005 et
1345 1969 1556 2016 imperatori
1596 1984 1605 2010 gr

1572 1970 1596 2118 l

284 2039 463 2080 quantum
489 2032 535 2067 ad
560 2032 671 2067 robur
697 2031 835 2076 deesse,
864 2043 947 2067 curn
978 2038 1108 2068 octavo
1132 2032 1289 2068 decumo
1309 2031 1434 2067 aetatis
1457 2043 1555 2068 anno

229 2106 267 2136 30
285 2096 353 2131 Cn.
381 2094 589 2142 Pompeius,
612 2107 712 2130 nono
733 2095 892 2130 decumo
922 2094 1057 2130 Caesar
1078 2093 1300 2131 Octavianus
1326 2094 1442 2130 civilia
1461 2094 1555 2130 bella
1577 2090 1583 2137 ‚J

285 2158 544 2194 sustinuerint?
574 2157 745 2205 pleraque
767 2158 803 2193 in
825 2169 968 2193 summa
988 2158 1133 2193 fortuna
1153 2157 1323 2204 auspiciis
1342 2163 1378 2193 et
1397 2157 1555 2193 consiliis
1572 2162 1594 2191 5

285 2231 396 2267 quam
428 2218 506 2254 telis
539 2226 573 2254 et
602 2219 770 2253 manibus
799 2218 883 2264 geri.
937 2217 1107 2253 daturum
1141 2218 1248 2265 plane
1280 2217 1552 2267 doqume—ntuin,
1574 2227 1596 2255 6
1626 2240 1627 2243 =

285 2281 450 2318 honestis
481 2292 528 2318 an
559 2292 663 2317 secus
698 2280 825 2318 amicis
854 2287 1023 2328 ΕΜΓ,
1052 2280 1082 2317 si
1111 2280 1242 2317 ducem
1272 2286 1396 2316 amota
1423 2279 1555 2316 invidia
