1674 2653
142 169 212 194 m).
233 154 302 207 59]
461 167 465 171 ·
490 161 637 192 LIBER
663 161 762 192 XIV.
821 161 917 192 CAP.
939 168 1050 203 9-13·

141 275 290 313 quoque
336 263 626 301 Claudianorum
673 263 824 311 obliqua
870 263 1112 300 insectatione
1157 268 1291 300 cuncta
1339 262 1418 298 eius

141 327 402 364 dominationis
434 327 570 375 flagitia
603 327 640 362 in
674 333 829 362 matrem
864 328 1055 371 transtulit,
1087 327 1235 375 publica
1271 326 1418 362 fortuna

101 403 121 430 3
142 391 361 427 exstinctam
381 390 552 427 referens.
607 401 768 438 namque
789 396 824 426 et
843 390 1075 438 naufragium
1095 391 1266 427 narrabat
1283 403 1290 426 ε
1319 389 1419 437 quod

141 454 327 491 fortuitum
361 454 480 500 fuisse,
516 454 598 502 quis
628 453 721 489 adeo
753 453 867 490 hebes
905 454 1124 490 inveniretur
1156 461 1195 490 ut
1228 453 1418 490 crederet?

140 524 202 555 aut
221 530 242 554 a
261 518 409 555 muliere
435 517 613 565 naufraga
632 518 786 553 missum
813 529 898 553 cum
925 517 998 554 telo
1022 530 1148 561 unum,
1170 518 1230 566 qui
1251 517 1417 554 cohortes

99 589 123 620 4
141 588 176 618 et
191 582 327 618 classes
344 581 576 630 imperatoris
597 580 863 629 perfringeret?
902 593 990 629 ergo
1010 594 1085 618 non
1102 581 1174 617 iam
1191 581 1302 625 Nero,
1318 581 1419 617 cuius

140 645 338 682 inmanitas
375 645 543 682 omnium
581 652 732 692 questus
771 645 944 690 anteibat,
979 645 1044 681 sed
1084 644 1226 681 Seneca
1264 645 1418 681 adverso

140 721 287 745 rumore
307 715 392 754 erat,
415 709 515 757 quod
535 709 702 744 oratione
724 708 782 744 tali
804 708 1077 745 confessionem
1099 708 1312 756 scripsisset.

193 776 252 810 12.
283 773 381 809 Miro
397 779 520 810 tamen
536 772 737 809 certamine
756 784 953 820 procerum
970 772 1214 808 decernuntur
1233 771 1417 820 supplica-

140 837 258 873 tiones
290 837 390 884 apud
423 836 548 873 omnia
586 836 798 884 pulvinaria,
833 844 946 884 utque
986 835 1250 884 Quinquatrus,
1284 836 1417 883 quibus

139 907 286 948 apertae
311 900 463 936 insidiae
492 906 625 944 essent,
653 900 748 936 ludis
774 900 906 936 annuis
936 899 1228 945 celebrarentur;
1265 911 1417 935 aureum

141 963 330 1000 Minervae
368 963 605 999 simulacrum
649 963 687 999 in
725 963 824 999 curia
864 970 900 999 et
941 963 1041 999 iuxta
1079 963 1255 1011 principis
1291 962 1417 1009 imago

140 1034 409 1074 statuerentur;
451 1027 529 1063 dies
559 1027 691 1063 natalis
721 1027 950 1075 Agrippinae
984 1028 1078 1064 inter
1110 1026 1272 1062 nefastos
1309 1033 1416 1062 esset.

101 1090 121 1118 2
140 1089 309 1126 Thrasea
328 1090 459 1126 Paetus
481 1090 623 1126 silentio
645 1090 699 1126 vel
720 1091 819 1126 brevi
847 1091 1006 1126 adsensu
1027 1090 1166 1137 priores
1190 1089 1417 1125 adulationes

140 1154 381 1190 transmittere
408 1154 534 1190 solitus
553 1154 639 1190 exiit
667 1161 743 1189 tum
765 1160 906 1197 senatu,
927 1165 970 1189 ac
998 1154 1065 1189 sibi
1092 1165 1242 1189 causam
1269 1153 1416 1201 periculi

99 1226 120 1254 3
140 1218 232 1262 fecit,
249 1218 378 1254 ceteris
398 1218 572 1253 libertatis
593 1218 734 1253 initium
756 1229 830 1253 non
847 1217 1023 1265 praebuit.
1078 1217 1245 1265 prodigia
1265 1229 1415 1265 quoque

139 1282 265 1318 crebra
294 1288 329 1317 et
356 1281 464 1317 inrita
489 1282 738 1317 intercessere.
794 1293 953 1329 anguem
983 1280 1091 1316 enixa
1119 1280 1258 1325 mulier,
1284 1286 1320 1316 et
1348 1280 1418 1316 alia

138 1345 175 1381 in
212 1345 411 1381 concubitu
449 1345 565 1381 mariti
601 1344 754 1381 fulmine
789 1344 1020 1381 exanimata:
1067 1344 1140 1380 iam
1177 1343 1231 1380 sol
1269 1351 1417 1392 repente

138 1409 355 1445 obscuratus
381 1417 416 1445 et
442 1415 560 1445 tactae
588 1408 633 1444 de
658 1408 763 1444 caelo
791 1408 1089 1456 quattuordecim
1116 1408 1216 1444 urbis
1237 1408 1416 1455 regiones.

97 1486 120 1514 4
139 1484 232 1520 quae
253 1472 345 1509 adeo
370 1472 447 1508 sine
469 1484 555 1508 cura
576 1472 687 1508 deum
714 1472 940 1516 eveniebant,
962 1479 1001 1507 ut
1026 1471 1161 1507 multos
1188 1478 1273 1518 post
1299 1483 1417 1508 annos

97 1549 117 1577 5
139 1535 239 1571 Nero
285 1536 480 1583 imperium
532 1542 567 1572 et
611 1536 747 1572 scelera
793 1535 1068 1572 continuaverit.
1134 1542 1296 1571 ceterum
1342 1546 1418 1583 quo

137 1606 301 1647 gravaret
338 1599 512 1635 invidiam
549 1600 676 1635 matris
714 1611 832 1647 eaque
869 1599 1018 1635 demota
1055 1605 1201 1634 auctam
1232 1598 1417 1635 lenitatem

138 1674 242 1699 suam
268 1663 532 1707 testificaretur,
554 1662 710 1699 seminas
738 1662 908 1698 inlustres
935 1662 1080 1697 Iuniam
1103 1668 1139 1698 et
1167 1662 1416 1710 Calpurniam,

138 1732 306 1774 praetura
330 1726 473 1762 functos
493 1725 684 1762 Valerium
712 1724 936 1773 Capitonem
956 1724 1201 1761 etrLicinium
1230 1725 1416 1761 Gabolum

97 1789 284 1830 esedibus
314 1789 437 1837 patriis
476 1789 641 1832 reddidit,
674 1790 720 1825 ab
752 1788 958 1836 Agrippina
991 1788 1078 1824 olim
1116 1789 1252 1836 pulsos.
1307 1789 1416 1824 etiam

138 1852 277 1889 Lolliae
324 1852 498 1889 Paulinae
546 1853 687 1889 cineres
733 1853 908 1900 reportari
954 1852 1239 1900 sepulcrumque
1281 1854 1417 1888 exstrui

139 1916 322 1964 permisit;
362 1928 531 1964 quosque
561 1916 640 1964 ipse
670 1928 789 1963 nuper
817 1916 1053 1964 relegaverat,
1084 1914 1239 1951 Iturium
1267 1921 1302 1952 et
1332 1915 1417 1952 Cal-

98 1991 119 2022 7
138 1980 268 2016 visium
289 1991 410 2027 poena
430 1980 593 2016 exsolvit.
651 1991 738 2016 nam
766 1979 890 2016 Silana
915 1980 990 2016 fato
1010 1979 1138 2016 functa
1164 1984 1250 2023 erat,
1271 1978 1418 2027 longin-

138 2055 213 2092 quo
245 2044 292 2079 ab
324 2044 433 2080 exilio
467 2044 673 2080 Tarentum
707 2055 873 2091 regressa
909 2043 1055 2079 labante
1092 2043 1166 2078 iam
1202 2043 1415 2091 Agrippina,

138 2108 241 2143 cuius
260 2106 457 2143 inimicitiis
477 2107 702 2152 conciderat,
722 2107 775 2143 vel
798 2107 973 2154 mitigata.

189 2175 248 2207 13.
279 2170 425 2205 Tamen
446 2170 611 2205 cunctari
633 2170 668 2205 in
688 2169 834 2217 oppidis
857 2169 1097 2217 Campaniae,
1117 2182 1281 2218 quonam
1302 2171 1417 2207 modo

137 2234 265 2269 urbem
291 2233 551 2280 ingrederetur,
580 2244 627 2268 an
656 2233 876 2280 obsequium
903 2240 1061 2277 senatus,
1081 2245 1128 2269 an
1156 2233 1274 2269 studia
1300 2234 1417 2281 plebis

139 2296 309 2344 reperiret
342 2296 493 2332 anxius:
537 2302 665 2332 contra
697 2295 912 2331 deterrimus
949 2295 1114 2344 quisque,
1149 2307 1306 2343 quorum
1341 2308 1415 2333 non

1436 531 1453 561 5

1438 847 1474 870 10

1439 1165 1473 1195 15

1438 1482 1474 1504 20

1435 2117 1475 2147 30
