1674 2653
543 173 776 211 CORNELII,
800 173 966 203 TACJTI
989 173 1251 204 ANNALJUM
1305 165 1438 218 [A.U.C.
1461 176 1534 214 814.

255 274 481 310 auxiliarium
515 273 725 310 cohortibus
760 285 802 309 ac
837 273 934 309 mille
965 274 1157 321 equitibus,
1186 285 1342 322 quorum
1373 274 1531 310 adventu

254 337 394 374 nonani
432 337 634 384 legionario
669 336 782 372 milite
820 336 979 384 suppleti
1016 342 1109 374 sunt.
1169 337 1341 373 cohortes
1377 337 1568 386 alaeque2

254 401 358 436 novis
377 399 621 436 hibernaculis
646 399 797 443 locatae,
819 399 993 447 quodque
1013 401 1205 435 nationum
1229 401 1445 448 ambiguum
1470 407 1531 437 aut

254 464 449 500 adversum
469 462 595 506 fuerat,
616 462 690 509 igni
717 469 826 510 atque
854 462 948 498 ferro
968 469 1158 499 vastatum.
1216 463 1281 499 sed
1306 463 1394 498 nihil
1414 475 1529 511 aeque
1548 471 1568 498 3

217 542 234 572 5
254 538 364 574 quam
390 526 506 562 fames
529 525 724 572 adfligebat
751 525 913 561 serendis
940 525 1104 572 frugibus
1130 525 1345 570 incuriosos,
1369 532 1405 562 et
1429 526 1530 562 omni

253 595 370 626 aetate
386 589 433 625 ad
452 589 589 624 bellum
608 600 721 633 versa,
739 589 826 624 dum
847 595 994 625 nostros
1009 595 1237 625 commeatus
1252 589 1318 624 sibi
1334 589 1529 625 destinant.

252 660 454 700 gentesque
485 651 717 700 praeferoces
749 652 887 688 tardius
920 651 966 687 ad
1006 663 1137 698 pacem
1175 652 1410 696 inclinabant,
1444 652 1568 700 quia4

253 716 365 752 Iulius
386 715 631 752 Classicianus
652 726 841 751 successor
862 713 956 750 Cato
982 715 1114 750 missus
1134 721 1168 750 et
1193 714 1370 751 Suetonio
1389 715 1529 752 discors

252 780 392 815 bonurn
422 779 610 826 publicum
639 778 784 826 privatis
816 777 1060 814 simultatibus
1090 778 1316 824 impediebat
1349 778 1528 826 disperse-

197 856 234 877 ιο
252 849 380 890 ratque
409 853 543 878 novum
571 841 731 888 legatum
759 840 1028 888 opperiendum
1055 852 1145 884 esse,
1174 840 1251 876 sine
1275 839 1396 877 hostili
1420 841 1471 877 ira
1495 848 1530 878 et

252 905 422 952 superbia
455 905 601 940 victoris
635 904 835 940 clementer
867 903 996 939 deditis
1029 904 1293 939 consulturum.
1349 903 1456 940 simul
1493 904 1565 939 in5

251 970 382 1005 urbem
402 967 611 1012 mandabat,
634 967 774 1002 nullum
795 966 1020 1014 proeliorum
1044 967 1154 1002 finem
1174 972 1439 1014 exspectarent,
1460 968 1528 1004 nisi

252 1031 504 1068 succederetur
525 1030 714 1075 Suetonio,
728 1030 830 1066 cuius
850 1029 1002 1066 adversa
1022 1029 1189 1078 pravitati
1208 1029 1332 1077 ipsius,
1350 1042 1528 1078 prospera

251 1094 298 1131 ad
321 1094 506 1131 fortunam
526 1093 715 1130 referebat.

196 1174 231 1205 15
303 1162 368 1195 39.
397 1157 513 1204 Igitur
533 1157 578 1193 ad
605 1156 848 1204 spectandum
874 1156 1086 1193 Britanniae
1113 1162 1245 1193 statum
1269 1156 1403 1193 missus
1428 1163 1482 1194 est
1507 1169 1527 1194 e

251 1222 388 1257 libertis
410 1221 615 1268 Polyclitus,
639 1232 778 1268 magna
798 1219 959 1256 Neronis
984 1232 1050 1267 spe
1076 1231 1185 1267 posse
1212 1221 1424 1256 auctoritate
1449 1221 1527 1257 eius

250 1296 326 1321 non
345 1284 459 1320 modo
479 1284 572 1319 inter
598 1283 757 1330 legatum
783 1289 1133 1331 procuratoremque
1153 1283 1391 1319 concordiam
1412 1283 1524 1331 gigni,

251 1348 314 1384 sed
343 1355 378 1383 et
400 1347 553 1383 rebelles
581 1347 779 1382 barbarum
805 1346 948 1382 animos
974 1358 1065 1393 pace
1090 1346 1264 1394 conponi.
1322 1358 1390 1382 nec
1416 1346 1526 1382 defuit
1544 1355 1565 1382 2

251 1411 445 1458 Polyclitus
465 1422 539 1458 quo
554 1410 676 1446 minus
696 1409 835 1456 ingenti
851 1409 996 1457 agmine
1017 1409 1142 1444 Italiae
1158 1408 1374 1457 Galliaeque
1395 1410 1525 1457 gravis,

194 1489 233 1510 20
251 1481 447 1523 postquam
478 1473 671 1510 Oceanum
706 1472 964 1516 transmiserat,
999 1472 1174 1508 militibus
1210 1484 1358 1520 quoque
1392 1474 1526 1509 nostris

250 1537 416 1574 terribilis
457 1536 652 1572 incederet.
707 1535 771 1572 sed
808 1534 975 1571 hostibus
1014 1535 1137 1571 inrisui
1176 1534 1251 1578 fuit,
1291 1536 1388 1582 apud
1433 1547 1563 1582 quos3

249 1601 427 1648 flagrante
457 1600 566 1635 etiarn
599 1605 677 1634 turn
710 1598 871 1634 libertate
902 1597 1069 1634 nondum
1098 1598 1248 1644 cognita
1276 1598 1525 1634 libertinorum

249 1663 413 1711 potentia
444 1668 542 1706 erat;
583 1661 883 1707 mirabanturque
915 1659 1014 1706 quod
1048 1659 1120 1695 dux
1154 1666 1189 1695 et
1226 1660 1406 1696 exercitus
1436 1660 1525 1696 tanti

249 1726 333 1762 belli
367 1725 559 1761 confector
592 1724 743 1760 servitiis
776 1722 1004 1759 oboedirent.
1060 1729 1191 1758 cuncta
1223 1729 1347 1758 tamen
1381 1723 1426 1758 ad
1458 1724 1565 1758 lin-4

192 1804 229 1834 25
250 1794 457 1837 peratorem
493 1788 529 1822 in
567 1786 713 1822 mollius
751 1785 885 1829 relata;
930 1785 1173 1832 detentusque
1205 1785 1314 1820 rebus
1350 1786 1525 1832 gerundis

251 1852 459 1895 Suetonius,
479 1850 580 1899 quod
606 1856 737 1897 postea
762 1860 898 1896 paucas
926 1859 1037 1883 naves
1062 1848 1098 1882 in
1127 1848 1228 1883 litore
1255 1848 1524 1897 remigiumque

249 1916 286 1952 in
318 1916 360 1950 iis
393 1914 573 1957 amiserat,
605 1920 796 1959 tamquam
831 1911 986 1946 durante
1020 1910 1115 1946 bello
1146 1910 1287 1946 tradere
1324 1912 1524 1947 exercitum

250 1979 422 2015 Petronio
450 1976 679 2024 Turpiliano,
704 1975 766 2021 qui
793 1975 866 2010 iarn
893 1973 1087 2010 consulatu
1113 1974 1260 2017 abierat,
1288 1974 1440 2010 iubetur.
1495 1976 1524 2012 is
1541 1986 1562 2014 5

249 2053 325 2078 non
352 2041 498 2076 inritato
526 2040 629 2075 hoste
658 2049 778 2085 neque
809 2036 998 2073 lacessitus
1028 2036 1225 2072 honestum
1257 2037 1356 2085 pacis
1387 2048 1524 2074 nomen

191 2116 231 2146 30
250 2105 352 2152 segni
373 2104 448 2140 otio
467 2102 652 2151 imposuit.

300 2173 371 2204 40.
400 2167 542 2203 Eodem
558 2177 657 2201 anno
674 2165 818 2201 Romae
832 2163 989 2211 insignia
1005 2163 1150 2208 scelera,
1166 2164 1320 2199 alterum
1336 2165 1522 2210 senatoris,

249 2231 366 2268 servili
386 2231 539 2266 alterum
560 2228 722 2271 audacia,
743 2227 902 2263 admissa
929 2234 1022 2262 sunt.
1078 2226 1262 2263 Domitius
1289 2227 1426 2263 Balbus
1446 2234 1523 2263 erat

250 2293 464 2343 praetorius,
496 2291 604 2328 simul
632 2291 743 2339 longa
773 2296 932 2334 senecta,
964 2289 1073 2325 simul
1110 2289 1264 2326 orbitate
1297 2297 1332 2326 et
1364 2291 1521 2338 pecunia
