1674 2653
583 206 812 236 CORNELII
842 207 896 236 TA
905 206 1004 237 ClTl
1029 205 1294 236 ANACMJUM
1347 198 1398 250 [A.
1407 212 1440 236 U.
1449 211 1479 236 C.
1500 207 1516 236 8
1525 215 1572 246 ¹9·

296 307 440 345 demisit
481 308 657 351 animum,
702 308 766 343 sed
807 308 992 344 codicillos
1035 307 1081 343 ad
1121 307 1311 343 Neronem
1353 307 1572 354 composuit,

297 372 484 419 requirens
517 372 660 408 obiecta
695 377 729 407 et
761 377 1048 419 expurgaturum
1082 370 1314 414 adseverans,
1347 371 1375 406 si
1406 370 1572 406 notitiam

296 435 491 472 criminum
512 441 547 470 et
566 435 711 482 copiam
738 435 898 471 diluendi
925 435 1123 471 habuisset.
1177 446 1241 470 eos
1262 434 1450 470 codicillos
1471 433 1572 470 Nero
1589 441 1610 468 2

296 505 533 545 properanter
576 498 728 545 accepit,
774 510 837 546 spe
880 499 1090 534 exterritum
1133 497 1339 533 Thraseam
1386 497 1571 544 scripsisse

260 577 276 606 5
297 573 361 608 per
394 573 488 608 quae
516 561 769 597 claritudinem
803 561 977 609 principis
1010 560 1195 597 extolleret
1229 572 1406 607 suamque
1434 560 1570 595 famam

295 624 560 660 dehonestaret.
616 624 716 672 quod
737 625 798 660 ubi
824 637 901 661 non
926 625 1045 660 evenit
1071 623 1283 671 vultumque
1308 630 1343 659 et
1371 624 1517 671 spiritus
1537 630 1571 659 et
1590 630 1610 657 3

295 688 498 724 libertatern
519 688 674 724 insontis
695 688 791 725 ultro
811 688 988 733 extimuit,
1009 688 1131 724 vocari
1156 694 1275 734 patres
1295 687 1404 724 iubet.

347 756 410 788 25.
445 751 544 786 Tum
567 750 734 787 Thrasea
755 752 848 787 inter
867 751 1057 799 proximos
1078 751 1306 795 consultavit,
1329 755 1570 798 temptaretne

294 815 547 851 defensionem
588 826 634 850 an
677 821 874 862 sperneret.
931 815 1070 850 diversa
1115 814 1268 850 consilia
1302 813 1570 851 adferebantur.

240 889 276 911 ιο
294 879 426 926 quibus
459 878 580 913 intrari
612 878 750 914 curiam
784 878 962 925 placebat,
994 889 1141 913 securos
1176 889 1257 914 esse
1288 877 1333 913 de
1365 878 1570 913 constantia

293 943 370 979 eius
408 942 610 986 disserunt3
639 941 728 976 nihil
768 941 952 977 dicturum
991 941 1060 976 nisi
1101 953 1175 989 quo
1215 941 1373 988 gloriam
1411 944 1601 987 augerets

293 1017 425 1052 segnes
471 1011 506 1040 et
551 1004 703 1052 pavidos
745 1004 925 1052 supremis
973 1005 1047 1040 suis
1094 1011 1273 1040 secretum
1320 1004 1606 1043 circumdarez2

293 1069 471 1116 aspiceret
491 1068 651 1116 populus
672 1068 784 1103 xirum
813 1068 921 1104 morti
948 1068 1109 1112 obvium,
1130 1067 1270 1103 audiret
1296 1074 1441 1104 senatus
1461 1080 1568 1104 voces

291 1132 395 1180 quasi
416 1144 460 1167 ex
481 1131 605 1180 aliquo
627 1132 777 1167 numine
800 1143 910 1179 supra
930 1130 1130 1167 humanas:
1159 1142 1270 1178 posse
1293 1131 1373 1178 ipso
1392 1131 1568 1167 miraculo

237 1205 271 1235 15
290 1196 401 1232 etiam
441 1194 630 1231 Neronem
670 1195 881 1243 permoveri.
938 1195 994 1230 sin
1029 1194 1230 1230 crudelitati
1269 1194 1457 1238 insisteret,
1496 1194 1604 1232 dis-3

291 1260 403 1306 tingui
443 1266 539 1295 certe
578 1258 676 1306 apud
715 1264 883 1307 posteros
922 1258 1141 1294 memoriam
1179 1257 1322 1294 honesti
1361 1258 1481 1294 exitus
1519 1259 1566 1294 ab

291 1322 435 1369 ignavia
455 1335 518 1370 per
539 1323 718 1358 silentium
741 1322 985 1370 pereuntium.

342 1390 404 1424 26.
437 1386 578 1423 Contra
611 1387 672 1434 qui
705 1386 975 1434 opperiendum
1010 1386 1135 1423 domui
1169 1387 1376 1431 censebant,
1410 1386 1455 1422 de
1487 1386 1567 1434 ipso

290 1450 458 1486 Thrasea
499 1450 640 1492 eadem,
685 1450 748 1485 sed
790 1449 945 1485 ludibria
986 1456 1022 1485 et
1068 1450 1310 1486 contumelias
1351 1451 1562 1486 imminere:

233 1528 271 1549 20
290 1513 517 1549 subtraheret
549 1526 653 1549 aures
686 1513 862 1549 conviciis
894 1519 929 1549 et
962 1514 1116 1560 probris.
1172 1525 1247 1549 non
1282 1513 1400 1550 solum
1435 1514 1603 1550 Cossu-2

289 1578 427 1614 tianum
471 1584 532 1612 aut
572 1577 726 1624 Eprium
769 1577 815 1612 ad
863 1576 982 1612 scelus
1024 1583 1237 1624 promptos:
1268 1588 1458 1625 superesse
1505 1578 1566 1625 qui

289 1641 438 1677 forsitan
476 1652 608 1676 manus
647 1640 810 1688 ictusque
851 1652 917 1687 per
954 1640 1219 1676 immanitatem
1258 1640 1435 1687 ingesturi
1473 1641 1564 1685 sint;

286 1705 396 1741 etiarn
429 1705 549 1740 bonos
581 1711 680 1739 metu
713 1703 824 1751 sequi.
881 1703 1087 1739 detraheret
1119 1704 1239 1751 potius
1271 1704 1422 1747 senatui,
1455 1711 1601 1751 quem3

286 1768 564 1816 perornavisset,
594 1767 783 1803 infamiam
809 1767 897 1802 tanti
925 1767 1062 1814 flagitii,
1082 1774 1117 1803 et
1142 1767 1360 1814 relinqueret
1385 1767 1564 1803 incertum

230 1843 266 1874 ²5
285 1832 373 1879 quid
394 1831 469 1866 viso
490 1830 656 1866 Thrasea
676 1842 737 1866 reo
764 1830 939 1866 decreturi
967 1837 1087 1876 patres
1113 1830 1254 1866 fuerint.
1310 1837 1348 1866 ut
1375 1829 1564 1866 Neronem
1580 1837 1603 1864 4

285 1895 506 1942 flagitiorum
555 1894 673 1940 pudor
714 1900 872 1941 caperet,
914 1894 1020 1929 inrita
1062 1905 1128 1941 spe
1169 1893 1317 1940 agitari;
1374 1894 1564 1941 multoque

285 1958 402 2004 magis
425 1957 629 1993 timendum
650 1968 695 1993 ne
715 1957 753 1992 in
772 1957 980 2003 coniugem,
1004 1957 1040 1992 in
1070 1957 1191 2000 filiam,
1212 1957 1248 1992 in
1269 1963 1389 1993 cetera
1409 1957 1565 2004 pignora

283 2021 360 2057 eius
388 2021 548 2057 saeviret.
604 2020 756 2068 proinde
784 2020 1032 2064 intemeratus,
1061 2020 1272 2067 inpollutus,
1304 2032 1460 2067 quorum
1491 2029 1600 2057 ves-5

285 2084 380 2130 tigiis
409 2090 444 2119 et
476 2083 603 2119 studiis
635 2084 745 2119 vitam
780 2083 933 2126 duxerit,
968 2095 1094 2119 eorum
1126 2083 1242 2131 gloria
1272 2090 1411 2130 peteret
1440 2084 1563 2120 finem.

228 2158 267 2188 30
285 2148 408 2183 aderat
454 2147 606 2183 consilio
654 2146 826 2182 Rusticus
879 2146 1075 2190 Arulenus,
1123 2147 1284 2194 flagrans
1330 2147 1480 2192 iuvenis,
1528 2153 1602 2183 ete

284 2210 454 2258 cupidine
474 2209 590 2245 laudis
618 2210 795 2245 offerebat
821 2220 859 2244 se
887 2210 1170 2245 intercessurum
1197 2216 1344 2245 senatus
1369 2210 1559 2246 consulto:

283 2285 367 2309 nam
389 2273 506 2320 plebei
526 2273 693 2307 tribunus
719 2278 805 2307 erat.
861 2271 1024 2307 cohibuit
1044 2272 1193 2318 spiritus
1213 2272 1290 2307 eius
1314 2271 1492 2315 Thrasea,
1515 2284 1560 2309 ne
1583 2278 1604 2309 '7

283 2348 377 2371 vana
409 2343 444 2371 et
477 2347 538 2371 reo
577 2347 651 2370 non
689 2335 888 2382 profutura,
923 2335 1154 2371 intercessori
1188 2335 1341 2371 exitiosa
1374 2335 1557 2382 inciperet.
