1674 2653
528 189 757 219 CORNELII
785 189 949 219 TACJTJ
973 189 1240 219 ANAMLJUM
1291 181 1521 233 [A.U.c.814.

249 302 325 327 non
355 291 432 327 sine
461 292 659 328 certamine
687 299 937 339 expugnatum
967 298 1040 328 est:
1079 304 1163 327 nam
1194 297 1228 327 et
1251 291 1428 339 proelium
1457 303 1522 339 pro

249 355 363 390 muris
387 355 463 391 ausi
490 360 593 391 erant
617 361 649 391 et
671 355 764 402 pulsi
790 355 882 391 intra
905 355 1132 391 munimenta
1159 355 1283 403 aggeri
1313 355 1462 390 demum
1487 361 1521 390 et

250 418 535 465 inrumpentium
573 418 683 453 armis
719 430 869 455 cessere.
937 430 1032 465 quae
1069 418 1208 454 facilius
1249 418 1559 466 proveniebant‚2

249 485 334 528 quia
355 481 478 517 Parthi
500 481 677 529 Hyrcano
704 481 800 518 bello
823 481 1098 517 distinebantur.
1153 481 1397 528 miserantque
1422 481 1521 528 Hyr-

212 553 230 584 5
251 545 332 580 cani
352 545 398 580 ad
420 545 624 592 principem
646 545 858 581 Romanum
879 546 1088 581 societatem
1109 551 1264 589 oratum,
1282 545 1422 580 attineri
1442 556 1463 580 a
1483 545 1521 580 Se

250 607 461 656 Vologesen
484 620 551 657 pro
564 610 721 656 pignore
735 609 916 645 amicitiae
932 615 1170 645 ostentantes.
1199 620 1264 645 eos
1276 608 1520 655 regredientes
1537 615 1558 642 3

248 671 425 717 Corbulo,
447 684 494 709 ne
513 672 727 720 Euphraten
748 672 963 720 transgressi
990 672 1150 708 hostium
1171 671 1345 708 custodiis
1366 672 1519 708 circum-

247 735 465 780 venirentur,
487 735 572 772 dato
592 736 773 784 praesidio
794 736 840 772 ad
861 736 965 773 litora
988 736 1098 772 maris
1125 736 1221 771 rubri
1242 735 1401 779 deduxit,
1422 734 1519 771 unde

247 799 364 835 vitatis
386 798 604 836 Parthorum
629 799 761 835 finibus
781 800 916 848 patrias
937 801 972 835 in
993 800 1099 836 sedes
1120 811 1336 836 remeavere.

193 869 230 891 ¹0
299 866 362 899 26.
392 862 493 907 Quin
522 869 557 899 et
586 862 779 899 Tiridaten
807 875 871 911 per
900 862 1033 899 Medos
1059 869 1221 899 extrema
1245 861 1442 898 Armeniae
1467 862 1518 897 in-

247 933 413 970 trantem,
438 927 640 974 praemisso
667 937 752 962 cum
777 927 921 962 auxiliis
940 925 1129 962 Verulano
1154 926 1286 973 legato,
1307 933 1415 972 atque
1442 925 1519 972 ipse

246 989 454 1036 legionibus
473 990 564 1034 citis,
585 989 683 1025 abire
709 990 838 1037 procul
857 1002 900 1026 ac
927 1001 1031 1038 spem
1058 989 1141 1025 belli
1169 989 1332 1025 amittere
1353 988 1518 1036 subegit3

246 1063 414 1100 quosque
428 1052 536 1088 nobis
551 1063 697 1088 aversos
710 1052 841 1088 animis
856 1058 1090 1100 cognoverat,
1106 1051 1279 1088 caedibus
1294 1057 1329 1087 et
1344 1050 1519 1086 incendiis

246 1115 520 1163 perpopulatus,
543 1115 815 1162 possessionem
836 1115 1032 1151 Armeniae
1049 1115 1256 1163 usurpabat,
1270 1126 1354 1151 cum
1374 1113 1518 1150 advenit

193 1187 226 1219 15
247 1178 429 1226 Tigranes
465 1190 487 1214 a
523 1177 673 1214 Nerone
711 1178 757 1214 ad
798 1178 1069 1226 capessendum
1112 1177 1307 1225 imperium
1345 1176 1517 1221 delectus,

246 1241 515 1290 Cappadocum
543 1253 588 1277 ex
617 1241 816 1285 nobilitate,
846 1241 942 1289 regis
967 1241 1135 1278 Archelai
1165 1253 1294 1289 nepos,
1323 1240 1388 1277 sed
1416 1240 1517 1288 quod

245 1306 306 1341 diu
336 1306 444 1342 obses
470 1305 569 1352 apud
591 1305 720 1341 urbem
747 1304 872 1349 suerat,
898 1317 1015 1353 usque
1040 1304 1087 1341 ad
1112 1304 1277 1341 servilem
1303 1304 1516 1351 patientiam

244 1369 435 1405 demissus.
503 1380 570 1405 nec
600 1380 783 1405 consensu
812 1375 997 1415 acceptus,
1027 1368 1180 1404 durante
1208 1367 1306 1415 apud
1334 1366 1515 1415 quosdam
1534 1371 1554 1399 2

246 1430 366 1466 favore
385 1429 657 1466 Arsacidarum.
700 1436 737 1465 at
756 1429 920 1476 plerique
934 1429 1144 1476 superbiam
1161 1428 1380 1464 Parthorum
1397 1427 1517 1475 perosi

189 1502 226 1524 20
244 1491 369 1526 (latum
389 1502 411 1526 a
431 1489 611 1526 Romanis
637 1502 762 1537 regem
788 1489 984 1525 malebant.
1040 1489 1207 1525 additum
1232 1489 1264 1525 ei
1291 1488 1515 1536 praesidium
1533 1497 1553 1525 3

243 1552 342 1587 mille
380 1551 580 1599 legionarii,
611 1558 684 1586 tres
717 1550 900 1586 sociorum
940 1550 1109 1586 cohortes
1146 1550 1315 1596 duaeque
1351 1548 1515 1597 equitum

243 1612 330 1655 alae,
351 1618 385 1648 et
404 1623 479 1659 quo
499 1611 639 1647 facilius
666 1622 803 1647 novum
834 1622 988 1656 regnum
1012 1616 1181 1654 tueretur,
1202 1622 1287 1658 pars
1305 1609 1514 1653 Armeniae,

242 1681 280 1709 ut
308 1673 438 1720 cuique
470 1672 635 1716 finitima,
670 1671 909 1707 Pharasmani
938 1671 1208 1719 Polemonique
1236 1678 1272 1707 et
1299 1670 1514 1707 Aristobulo

241 1744 351 1784 atque
387 1734 572 1771 Antiocho
609 1746 737 1782 parere
775 1734 893 1770 iussae
930 1741 1026 1770 sunt.
1094 1733 1258 1770 Corbulo
1294 1734 1330 1769 in
1370 1732 1554 1769 Suri<un4

186 1811 223 1841 ²5
243 1799 429 1841 abscessit,
451 1805 567 1834 morte
588 1797 767 1833 Ummidii
787 1797 895 1844 legati
914 1808 1068 1832 vacuam
1088 1808 1131 1832 ac
1151 1796 1218 1832 sibi
1238 1797 1467 1844 permissam.

294 1866 355 1899 27.
383 1861 527 1898 Eodem
557 1872 655 1896 anno
686 1872 732 1896 ex
765 1860 974 1895 inlustribus
1007 1860 1117 1896 Asiae
1150 1860 1300 1895 urbibus
1332 1859 1515 1896 Laodicea

242 1932 398 1962 tremore
437 1931 553 1960 terrae
590 1923 774 1971 prolapsa,
809 1923 910 1958 nullo
944 1935 967 1959 a
1004 1923 1111 1959 nobis
1143 1922 1317 1966 remedio,
1356 1923 1513 1970 propriis

240 1989 374 2036 opibus
406 1987 564 2023 revaluit.
635 1992 672 2022 at
704 1987 740 2022 in
778 1986 884 2022 Italia
921 1991 1023 2022 vetus
1060 1985 1239 2033 oppidum
1277 1985 1420 2022 Puteoli
1458 1985 1552 2020 ius2

240 2052 408 2088 coloniae
444 2058 480 2086 et
511 2056 802 2097 cognomentum
840 2062 861 2085 a
897 2049 1046 2085 Nerone
1080 2049 1299 2096 apiscuntur.
1353 2049 1550 2084 veteranis

185 2126 224 2156 30
242 2115 448 2150 Tarentum
486 2120 520 2149 et
555 2112 707 2149 Antium
750 2112 924 2160 adscripti
966 2124 1042 2148 non
1087 2119 1208 2148 tamen
1248 2111 1512 2159 infrequentiae

241 2179 407 2215 locorum
429 2178 639 2220 subvenere,
661 2177 808 2224 dilapsis
835 2176 1000 2223 pluribus
1025 2176 1062 2212 in
1090 2176 1297 2223 provincias
1324 2176 1359 2210 in
1379 2175 1512 2222 quibus

241 2242 424 2288 stipendia
456 2241 713 2288 expleverant;
752 2251 871 2287 neque
904 2239 1084 2286 coniugiis
1117 2239 1358 2286 suscipiendis
1391 2250 1511 2286 neque

240 2305 381 2342 alendis
402 2304 522 2340 liberis
549 2304 641 2339 sueti
667 2304 776 2340 orbas
803 2303 880 2339 sine
907 2302 1062 2350 posteris
1082 2302 1215 2338 domos
1244 2302 1507 2349 relinquebant.
