1674 2653
123 223 199 249 arn.
222 209 294 262 66.]
474 217 620 248 LIBER
647 216 746 247 XVI.
805 217 901 248 CAP.
933 223 1069 257 20-24.

123 319 239 367 inquit
261 321 316 355 ‘et
335 318 388 354 M.
411 318 604 362 Catonem,
627 318 676 353 ita
700 330 798 354 nunc
819 324 864 361 te,
882 317 994 361 Nero,
1015 326 1050 354 et
1071 318 1276 354 Thraseam
1296 317 1400 353 avida

85 392 105 421 3
123 382 386 418 discordiarum
407 381 532 418 civitas
553 381 722 429 loquitur.
778 387 813 417 et
840 381 951 417 habet
978 388 1179 418 sectatores
1206 381 1259 417 vel
1280 381 1400 428 potius

123 446 303 492 satellites,
319 444 381 493 qui
395 445 562 481 nondum
577 444 850 481 contumaciam
868 445 1142 488 sententiarum,
1156 444 1218 481 sed
1236 445 1399 480 habitum

122 509 334 556 vultumque
359 509 437 544 eius
463 514 658 552 sectantur,
680 508 785 555 rigidi
811 513 847 544 et
871 508 1000 552 tristes,
1026 520 1100 556 quo
1126 508 1190 544 tibi
1217 507 1400 543 lasciviam

81 582 111 609 4·
123 573 357 620 exprobrent.
411 571 495 608 huic
523 572 587 607 uni
616 571 850 608 incolumitas
876 579 937 607 tua
967 572 1044 607 sine
1070 584 1170 615 cura,
1200 579 1294 607 artes
1324 572 1400 606 sine
1419 582 1436 613 5

123 634 274 670 honore.
329 645 525 682 prosperas
544 633 719 681 principis
739 645 796 669 res
824 634 982 681 spernit:
1011 635 1169 670 etiamne
1191 634 1347 670 luctibus
1367 640 1401 669 et

83 707 104 736 5
124 697 310 734 doloribus
330 709 406 733 non
432 697 603 733 satiatur?
633 696 798 733 eiusdem
819 698 930 733 animi
959 704 1014 733 est
1040 697 1254 745 Poppaeam
1281 697 1401 732 divam

123 772 199 797 non
220 761 378 806 credere,
401 761 503 796 cuius
523 761 559 796 in
579 766 660 797 acta
680 760 751 796 divi
771 760 931 808 Augusti
951 768 986 796 et
1002 761 1071 796 divi
1094 761 1160 796 Iuli
1181 772 1257 797 non
1274 761 1399 796 iurare.

83 834 105 862 6
124 825 264 873 spernit
283 824 487 872 religiones,
509 825 665 872 abrogat
686 824 797 872 leges.
854 824 985 860 diurna
1005 824 1134 873 populi
1156 824 1316 861 Romani
1335 836 1401 871 per

123 888 342 936 provincias,
363 900 428 936 per
447 889 629 924 exercitus
655 888 815 924 curatius
841 888 1022 936 leguntur,
1049 895 1088 924 ut
1114 895 1287 925 noscatur
1313 887 1399 936 quid

83 960 104 991 7
124 951 291 988 Thrasea
305 963 381 988 non
395 951 528 989 fecerit.
575 958 637 988 aut
649 957 881 988 transeamus
895 951 941 987 ad
954 952 1014 987 illa
1027 952 1200 997 instituta,
1215 954 1243 989 si
1257 952 1401 1000 potiora

123 1022 217 1060 sunt,
235 1022 297 1051 aut
313 1027 409 1052 nova
424 1016 655 1063 cupientibus
674 1015 857 1052 auferatur
876 1015 950 1051 dux
971 1022 1005 1053 et
1025 1022 1162 1052 auctor.
1219 1016 1285 1052 ista
1302 1021 1401 1052 secta

123 1077 345 1115 Tuberones
375 1084 410 1115 et
439 1078 633 1123 Favonios‚
663 1079 773 1115 veteri
803 1091 952 1127 quoque
981 1079 1031 1116 rei
1059 1079 1228 1127 publicae
1261 1079 1402 1128 ingrata

82 1152 105 1180 8
123 1142 285 1187 nomina,
307 1143 440 1190 genuit.
488 1149 527 1178 ut
543 1142 735 1190 imperium
752 1149 924 1186 evertant,
946 1143 1151 1178 libertatem
1172 1143 1399 1190 praeferunt:

81 1216 103 1243 9
123 1205 150 1240 si
178 1206 426 1252 perverterint,
454 1205 658 1242 libertatem
685 1206 803 1253 ipsam
831 1205 1100 1253 adgredientur.
1157 1206 1286 1242 frustra
1312 1206 1400 1242 Cas-

122 1269 217 1305 sium
237 1269 414 1313 amovisti,
431 1269 459 1305 si
475 1269 625 1317 gliscere
641 1275 676 1305 et
696 1269 818 1316 vigere
833 1268 1034 1306 Brutorum
1049 1270 1213 1306 aemulos
1229 1281 1403 1318 passurus

123 1344 172 1368 es.
227 1332 385 1380 denique
405 1333 494 1368 nihil
520 1333 597 1381 ipse
616 1332 662 1369 de
689 1332 858 1369 Thrasea
884 1334 1089 1381 scripseris:
1119 1334 1402 1382 disceptatorem

65 1407 107 1435 10
125 1403 292 1432 senatum
321 1397 426 1433 nobis
453 1394 640 1445 relinque.’
705 1396 845 1433 extollit
871 1397 923 1433 ira
953 1404 1166 1446 promptum
1194 1398 1402 1435 Cossutiani

124 1460 290 1495 animum
317 1459 419 1496 Nero
448 1460 634 1508 adicitque
661 1459 881 1497 Marcellum
908 1460 1061 1508 Eprium
1089 1462 1162 1498 acri
1180 1462 1400 1510 eloquentia.

175 1527 241 1560 23.
264 1523 313 1559 At
333 1522 489 1560 Baream
512 1523 696 1560 Soranum
717 1524 790 1560 iam
810 1524 878 1560 sibi
906 1524 1077 1562 Ostorius
1106 1526 1263 1562 Sabinus
1289 1538 1402 1574 eques

124 1585 317 1622 Romanus
348 1593 567 1635 poposcerat
599 1599 701 1624 reum
732 1596 778 1623 ex
811 1588 1071 1635 proconsulatu
1104 1589 1225 1634 Asiae,
1259 1590 1296 1625 in
1330 1601 1403 1637 qua

123 1649 348 1687 offensiones
384 1651 559 1698 principis
593 1651 692 1687 auxit
723 1651 857 1688 iustitia
886 1657 994 1700 atque
1029 1652 1215 1697 industria,
1249 1659 1284 1689 et
1316 1654 1402 1701 quia

124 1713 243 1761 portui
279 1713 527 1761 Ephesiorum
567 1714 767 1762 aperiendo
807 1726 933 1751 curam
972 1715 1219 1764 insumpserat
1257 1717 1401 1764 vimque

124 1776 273 1813 civitatis
295 1777 556 1825 Pergamenae,
576 1777 806 1826 prohibentis
832 1779 1008 1815 Acratum
1037 1779 1206 1816 Caesaris
1231 1779 1400 1816 libertum

83 1850 105 1878 2
125 1846 261 1877 statuas
293 1847 328 1877 et
356 1842 517 1889 picturas
545 1842 708 1886 evehere,
741 1842 894 1878 inultam
925 1843 1109 1879 omiserat.
1166 1843 1230 1880 sed
1260 1844 1401 1880 crimini

123 1904 278 1940 dabatur
298 1905 458 1941 amicitia
479 1905 596 1941 Plauti
621 1912 655 1942 et
671 1906 822 1942 ambitio
851 1906 1106 1943 conciliandae
1126 1907 1335 1955 provinciae
1355 1907 1401 1943 ad

85 1977 209 2016 3spes
242 1979 366 2004 novas.
422 1974 568 2016 tempus
606 1969 835 2005 damnationi
874 1970 1069 2015 delectum,
1104 1983 1180 2019 quo
1218 1970 1402 2007 Tiridates

124 2031 339 2079 accipiendo
360 2032 556 2069 Armeniae
576 2045 692 2080 regno
713 2033 944 2078 adventabat,
965 2041 1005 2070 ut
1032 2035 1079 2071 ad
1107 2042 1257 2071 externa
1277 2047 1402 2071 rumo-

124 2096 224 2131 ribus
256 2095 467 2131 intestinum
502 2095 621 2132 scelus
654 2097 925 2142 obscuraretur,
961 2109 1008 2134 an
1036 2104 1076 2134 ut
1109 2099 1402 2146 magnitudinem

124 2158 396 2206 imperatoriam
423 2158 534 2195 caede
563 2159 761 2207 insignium
792 2160 951 2197 virorum
979 2161 1084 2209 quasi
1111 2162 1212 2209 regio
1243 2161 1402 2198 facinore

125 2228 333 2258 ostentaret.

177 2289 243 2322 24.
273 2285 388 2332 Igitur
407 2285 508 2321 omni
536 2286 677 2323 civitate
705 2286 751 2323 ad
779 2287 1038 2335 excipiendum
1065 2288 1269 2336 principem
1297 2300 1402 2336 spec-

124 2349 352 2396 tandumque
385 2360 509 2396 regem
542 2350 669 2394 effusa,
701 2350 870 2387 Thrasea
904 2363 1059 2388 occursu
1091 2351 1296 2399 prohibitus
1326 2363 1402 2388 non

1422 899 1459 920 10

1423 1216 1458 1247 15

1424 1535 1460 1556 20

1421 1852 1458 1883 25

1422 2172 1493 2202 30.
