1761 2658
581 198 812 242 CORNELII
839 198 1004 228 TACJTJ
1029 197 1295 227 ANNALJUU
1346 190 1398 241 [A.
1406 204 1441 228 υ.
1448 204 1479 229 c
1500 199 1570 237 815.

1297 262 1308 274 r
1313 250 1608 287 υ-,ι-ωι,
1610 266 1663 304 cf>

295 305 460 335 mentum
479 298 626 334 hostiles
653 304 793 334 turmae
809 297 993 334 adferrent
1007 295 1096 346 (iarn
1116 298 1214 334 enim
1234 297 1405 334 subiectis
1425 308 1506 333 cam
1539 297 1568 333 is

298 373 434 409 magna
459 361 579 408 specie
607 359 833 407 volitabant),
859 373 969 397 naves
997 361 1250 409 magnitudine
1280 366 1508 408 praestantes
1536 368 1570 396 et

299 434 459 459 conexas
482 423 646 458 trabibus
672 435 714 459 ac
736 423 895 458 turribus
920 429 1043 459 auctas
1063 423 1137 471 agit
1158 435 1221 470 per
1240 434 1388 458 amnem
1408 423 1570 470 catapul-

300 486 417 533 tisque
441 492 476 521 et
500 485 651 521 ballistis
674 486 865 533 proturbat
886 486 1073 530 balbaios‚
1094 486 1130 521 in
1158 498 1253 534 quos
1279 498 1368 522 saxa
1393 491 1429 521 et
1447 485 1570 522 hastae

265 549 446 596 5lon11us
483 549 732 596 peimmeabant
771 560 909 607 quarn
918 555 957 596 ut
998 549 1183 585 contrario
1222 549 1437 596 sagittarum
1477 549 1571 585 iactu

300 612 600 659 adaequaientur.
656 610 740 646 dein
765 622 882 658 pons
881 611 1115 659 continuatus
1138 610 1321 659 collesque
1349 611 1489 647 adversi
1509 623 1573 658 per
1591 620 1610 648 2

301 674 419 711 socias
460 674 639 718 cohortes,
684 680 767 722 post
809 674 995 722 legionum
1036 674 1161 710 castris
1198 680 1435 722 occupantur,
1474 680 1574 710 tanta

301 738 482 774 celeritate
519 744 554 773 et
590 737 832 773 ostentatione
871 736 1010 780 virium,
1044 744 1082 773 ut
1119 737 1243 772 Parthi
1277 738 1414 773 omisso
1446 743 1574 784 paratu

302 801 529 837 invadendae
557 799 681 836 Suriae
708 812 811 848 spem
839 811 988 836 omnem
1014 800 1052 835 in
1071 800 1285 835 Armeniam
1305 807 1493 844 verterent,
1514 800 1574 836 ubi

249 876 286 898 10
302 864 436 900 Paetus
468 863 739 899 imminentium
770 863 914 899 nescius
950 863 1116 911 quintam
1154 862 1338 910 legionem
1376 863 1503 910 procul
1538 862 1576 898 in

303 927 424 962 Ponto
465 926 633 969 habebat,
677 926 835 974 reliquas
876 925 1068 973 promiscis
1107 926 1262 961 militum
1305 927 1573 962 commeatibus

303 990 558 1034 infirmaverat,
590 989 706 1025 donec
735 989 931 1025 adventare
959 987 1172 1036 Vologesen
1202 1000 1340 1036 magno
1367 996 1403 1026 et
1432 989 1575 1026 infenso

303 1053 450 1099 agmine
470 1053 648 1088 auditum.
1446 1089 1449 1092 Δ

350 1120 416 1160 JO.
435 1115 695 1163 Acciturlegio
709 1115 951 1166 duodecuma,
967 1115 1111 1153 etunde
1124 1115 1261 1170 famam
1275 1093 1371 1152 aucti
1391 1116 1576 1153 exercitus

250 1192 286 1222 ¹5
305 1183 520 1227 spelaverat,
542 1166 686 1226 prodita
706 1164 958 1226 infrequentia,
979 1190 1051 1226 qua
1071 1185 1194 1215 tamen
1214 1179 1357 1215 retineri
1390 1186 1507 1215 castra
1537 1185 1571 1214 et

305 1242 400 1278 eludi
421 1241 574 1277 Parthus
595 1248 711 1277 tractu
737 1241 821 1278 belli
849 1248 1000 1290 poter,at
1025 1242 1055 1278 si
1082 1242 1196 1278 Paeto
1222 1248 1284 1278 aut
1309 1242 1345 1277 in
1366 1242 1439 1278 suis
1457 1249 1519 1278 aut
1539 1242 1574 1277 in

305 1305 431 1341 alienis
452 1304 610 1340 consiliis
636 1305 843 1341 constantia
862 1304 1014 1342 suisset:
1042 1316 1168 1340 verum
1192 1304 1253 1339 ubi
1273 1316 1295 1339 a
1314 1304 1395 1340 viris
1417 1304 1576 1339 militari-
1594 1313 1614 1340 2

305 1369 372 1404 bus
392 1368 564 1404 adversus
585 1374 784 1415 urguentes
803 1379 910 1404 casus
930 1368 1094 1404 firmatus
1114 1374 1198 1412 erat,
1219 1379 1352 1412 rursus,
1372 1379 1419 1403 ne
1439 1368 1576 1403 alienae

305 1431 503 1467 sententiae
524 1431 692 1479 indigens
712 1431 903 1473 videretur,
920 1431 956 1466 in
978 1431 1119 1467 diversa
1138 1442 1180 1466 ac
1201 1430 1377 1467 deteriora
1390 1431 1577 1466 transibat.

251 1508 288 1528 20
305 1501 340 1530 et
369 1501 456 1530 tunc
486 1493 617 1530 relictis
641 1493 802 1530 hibernis
825 1506 902 1530 non
930 1493 1067 1529 fossam
1094 1505 1212 1541 neque
1241 1493 1375 1529 vallum
1404 1494 1483 1539 sibi,
1514 1493 1577 1529 sed
1595 1503 1615 1530 3

305 1568 460 1605 corpora
492 1563 526 1592 et
559 1568 661 1593 arma
692 1557 730 1592 in
763 1557 905 1593 hostem
936 1557 1020 1592 data
1048 1556 1250 1600 clamitans,
1281 1556 1384 1592 duxit
1412 1556 1577 1604 legiones

305 1620 406 1668 quasi
428 1619 567 1667 proelio
587 1626 800 1669 certaturus.
857 1619 988 1670 deinde
1009 1619 1146 1667 amisso
1165 1619 1375 1655 centurione
1395 1625 1430 1655 et
1450 1619 1577 1666 paucis
1595 1629 1617 1656 4

304 1682 489 1728 militibus,
511 1693 605 1729 quos
628 1678 784 1718 visendis
810 1671 970 1718 hostium
997 1681 1114 1729 copiis
1143 1682 1390 1729 praemiserat,
1418 1681 1578 1729 trepidus

305 1746 487 1782 remeavit.
542 1752 577 1780 et
608 1745 694 1793 quia
721 1746 845 1781 minus
873 1745 1003 1781 acriter
1030 1744 1237 1792 Vologeses
1271 1744 1456 1788 institerat,
1485 1757 1578 1780 vana
1595 1754 1616 1782 5

250 1823 286 1854 25
305 1819 429 1844 rursus
453 1808 587 1844 fiducia
613 1808 679 1843 tria
703 1807 803 1843 milia
828 1807 957 1843 delecti
984 1807 1116 1855 peditis
1145 1809 1316 1854 proximo
1346 1807 1462 1842 Tauri
1491 1808 1578 1854 iugo

305 1871 490 1918 imposuit,
530 1882 605 1918 quo
652 1871 843 1906 transitum
884 1871 980 1916 regis
1021 1878 1208 1913 arcerent;
1264 1870 1381 1907 alares
1427 1882 1578 1918 quoque

306 1934 530 1978 Pannonios,
559 1934 669 1969 robur
694 1933 886 1980 equitatus,
914 1935 950 1967 in
977 1940 1078 1980 parte
1106 1933 1225 1980 campi
1253 1933 1359 1969 locat.
1415 1934 1577 1969 coniunx
1596 1945 1618 1973 6

304 2009 347 2033 ac
372 1996 464 2032 filius
493 1996 653 2040 castello,
681 1997 739 2031 cui
763 1996 1001 2032 Arsamosata
1026 2007 1162 2032 nomen
1185 2002 1250 2040 est,
1279 1996 1403 2040 abditi,
1432 1996 1516 2032 data
1541 1997 1577 2032 in

304 2059 525 2106 praesidium
558 2059 708 2095 cohorte
738 2070 780 2094 ac
813 2058 977 2105 disperso
1006 2058 1129 2102 milite,
1164 2058 1225 2106 qui
1259 2058 1295 2093 in
1328 2070 1403 2095 uno
1435 2058 1579 2094 habitus

249 2136 287 2165 30
305 2133 438 2169 vagum
466 2121 611 2158 hostem
636 2122 839 2169 promptius
869 2120 1152 2156 sustentavisset.
1207 2133 1318 2168 aegre
1346 2121 1577 2169 compulsum
1596 2133 1616 2163 7

304 2185 432 2228 serunt,
461 2191 499 2220 ut
529 2184 724 2220 instantem
754 2183 956 2220 Corbuloni
985 2184 1163 2220 fateretur.
1217 2195 1286 2220 nec
1319 2196 1340 2220 a
1368 2183 1579 2220 Corbulone

304 2254 552 2294 properatum,
586 2258 661 2294 quo
693 2247 930 2294 gliscentibus
962 2246 1130 2293 perieulis
1170 2246 1279 2282 etiam
1318 2246 1469 2282 subsidii
1501 2246 1579 2282 laus

305 2317 507 2357 augeretur.
562 2309 723 2358 expediri
763 2316 887 2345 tamen
916 2309 1034 2346 itineri
1072 2309 1217 2356 singula
1253 2309 1353 2346 milia
1385 2321 1432 2348 ex
1466 2310 1620 2350 tribuss
