1776 2653
567 168 798 198 CORNELII
827 169 991 198 TACJTI
1014 169 1283 199 AamftcrLlUM
1333 161 1468 213 [A.U.c.
1489 171 1560 200 811.

289 269 499 312 memoravi,
531 268 654 304 Silano
682 280 749 316 pro
779 268 931 304 consule
968 268 1221 315 magnitudine
1260 268 1405 305 sceleris
1442 275 1563 305 cetera

289 331 323 367 fl
328 332 424 379 igitia
440 332 646 379 obtegebat.
693 331 954 368 Cossutianum
973 331 1193 379 Capitonem
1211 331 1343 368 Cilices
1360 332 1562 368 detulerant
1579 341 1599 368 3

238 386 257 398 ”
288 391 517 431 maculosum
545 382 775 442 l‘oe'dumque
810 400 846 430 et
878 395 974 431 idem
1008 395 1063 431 ius
1095 395 1269 459 audaciae
1303 395 1339 430 in
1377 395 1563 457 provincia

289 466 405 494 iatum
435 459 535 507 quod
564 459 601 494 in
630 459 720 494 urbe
749 466 986 503 exercuerat3
1027 458 1090 494 sed
1119 433 1301 506 pervicaci
1317 450 1561 495 accusatione

253 533 269 562 5
289 521 517 558 conflictatus
530 528 716 570 postremo
730 522 980 558 defensionem
996 522 1117 558 omisit
1130 534 1172 558 ac
1184 522 1263 569 lege
1278 522 1560 570 repetundarum

289 585 319 621 (l
315 591 484 621 minatus
498 592 561 621 est.
603 597 671 632 pro
686 585 825 634 Eprio
814 585 863 620 M
860 585 1005 629 ποεΙΙο,
1023 597 1043 620 a
1058 597 1133 633 quo
1149 583 1252 633 Lycii
1266 597 1322 621 res
1337 577 1601 633 repetebantA

288 660 333 684 eo
365 660 480 697 usque
512 643 671 685 ambitus
704 648 913 700 praevaluit,
944 654 982 683 ut
1014 648 1165 696 quidam
1198 655 1458 685 accusatorum
1486 649 1542 685 eiu

288 712 396 813 εΧί31ἰο
416 702 667 757 multarentur
688 708 879 760 tamquam
900 711 1034 747 insonti
1053 711 1255 759 periculum
1276 711 1456 748 fecissent.
1544 660 1594 756 {s

397 775 583 812 Nerone
598 776 742 811 tertium
756 775 906 811 consule
921 774 1027 811 simul
1043 775 1121 811 iniit
1140 775 1373 811 consulatum
1394 775 1561 812 V·ale1ius

232 848 269 869 10
289 779 473 883 Messalla,
495 839 597 875 cuius
622 850 810 887 proavum,
831 845 1012 874 oratorem
1038 837 1252 882 C01vinum,
1274 839 1357 874 divo
1380 839 1559 894 Augusto,

288 903 406 939 abavo
429 902 600 946 Neronis,
625 902 805 949 collegam
835 902 872 936 in
900 914 945 938 eo
974 885 1187 948 magistratu
1218 897 1326 938 fuisse
1356 903 1462 950 pauci
1489 903 1560 939 iam

287 977 416 1001 senum
450 965 704 1024 meminerant.
740 964 821 1022 sed
861 964 973 1015 upbili
1004 955 1169 1000 familiae
1189 963 1311 1001 honor
1343 973 1471 1001 auctus
1507 972 1560 1001 est
1579 973 1599 1000 2

287 1028 445 1065 oblatis
436 1040 473 1063 ιη
493 1013 675 1093 singulos
675 1007 796 1086 annos
802 1016 1010 1088 quingenis
1029 1028 1213 1091 sestprtiis,
1234 1029 1366 1076 quibus
1388 1028 1562 1065 Messalla

286 1098 538 1140 paupertatem
567 1089 754 1128 innoxiam
785 1095 1014 1127 sustentaret.
1063 1083 1220 1128 A'urelio
1253 1103 1400 1140 quoque
1430 1091 1559 1128 Cottae
1579 1100 1598 1127 3

234 1174 267 1204 15
288 1163 322 1193 et
360 1155 511 1192 Haterio
550 1155 944 1205 Antoninolannuam
983 1155 1179 1202 pecuniam
1218 1155 1340 1191 statuit
1376 1156 1559 1204 princeps,

288 1219 455 1267 quamvis
474 1232 538 1267 per
558 1219 684 1254 luxum
705 1218 816 1254 avitas
838 1206 928 1266 opes
948 1218 1195 1265 dissipassent.
1458 1259 1459 1263 Ἰ

337 1283 427 1319 Eius
447 1283 532 1318 anni
556 1282 736 1330 principio
756 1281 926 1318 mollibus
945 1281 1066 1319 adhuc
1091 1281 1200 1318 initiis
1225 1282 1448 1330 prolatatum
1468 1283 1561 1333 inter
1577 1289 1600 1316 4

287 1347 440 1383 Parthos
469 1346 736 1394 Romanosque
766 1345 811 1381 de
839 1345 1042 1381 obtinenda
1070 1345 1246 1381 Armenia
1273 1346 1409 1382 bellum
1434 1336 1560 1383 acriter

287 1410 489 1455 resumitur,
527 1409 615 1457 quia
654 1421 721 1445 nec
755 1408 965 1456 Vologeses
1002 1408 1144 1444 sinebat
1181 1409 1328 1445 fratrem
1367 1409 1560 1446 Tiridaten

231 1490 269 1511 20
287 1475 359 1511 dati
379 1486 400 1510 a
419 1486 458 1510 se
477 1474 580 1520 regni
600 1479 791 1520 expertem
812 1483 890 1508 esse
911 1477 970 1507 aut
991 1471 1130 1508 alienae
1151 1472 1187 1507 id
1211 1472 1396 1520 potentiae
1419 1473 1560 1509 donum

286 1538 429 1581 habere,
467 1544 502 1573 et
540 1536 703 1573 Corbulo
745 1535 898 1582 dignum
940 1534 1190 1582 magnitudine
1228 1535 1353 1583 populi
1399 1535 1559 1572 Romani

286 1602 433 1637 rebatur
452 1613 517 1649 pai
520 1607 555 1636 ta
581 1600 667 1636 olim
687 1611 708 1635 a
734 1597 889 1635 Lucullo
912 1597 1163 1646 Pompeioque
1189 1599 1361 1646 recipere.
1415 1599 1461 1634 ad
1486 1598 1558 1635 hoc
1578 1605 1598 1633 5

286 1663 450 1700 Armenii
472 1662 644 1709 ambigua
664 1661 734 1697 fide
755 1668 927 1731 utraque
924 1672 1026 1696 arma
1047 1661 1260 1706 invitabant,
1283 1662 1351 1697 situ
1371 1667 1560 1705 terrarum,

287 1727 519 1763 similitudine
547 1737 693 1762 morum
722 1724 864 1760 Parthis
888 1714 1081 1772 propiores
1115 1725 1358 1773 conubiisque
1391 1724 1559 1772 permixti

231 1805 267 1836 25
286 1804 328 1827 ac
350 1791 510 1826 libertate
532 1790 658 1836 ignota
679 1788 764 1824 illud
785 1788 902 1834 magis
922 1787 968 1823 ad
989 1787 1174 1823 servitium
1196 1787 1426 1823 inclinantes.

338 1859 401 1890 35
432 1853 504 1890 Sed
529 1851 732 1888 Corbuloni
755 1850 835 1899 plus
860 1850 967 1887 molis
991 1850 1165 1886 adversus
1191 1850 1374 1897 ignaviam
1405 1850 1560 1886 militum

286 1929 398 1966 quam
419 1923 544 1952 contra
560 1915 749 1963 perfidiam
762 1913 921 1950 hostium
936 1919 1034 1949 erat:
1064 1913 1200 1979 quippe
1218 1913 1323 1949 Suria
1336 1919 1560 1949 transmotae
1577 1923 1598 1950 2

287 1982 461 2029 legiones,
499 1992 587 2028 pace
625 1979 735 2025 longa
772 1988 914 2024 segnes,
924 1958 1126 2012 muniit
1112 1978 1321 2013 castrorum
1359 1977 1560 2024 aegerrime

288 2045 500 2081 tolerabant
543 2042 629 2078 satis
650 2041 809 2078 constitit
829 2040 968 2076 fuisse
961 2052 997 2075 m
1017 2051 1063 2076 eo
1087 2039 1249 2076 exercitu
1273 2045 1476 2084 veteranos,
1498 2039 1559 2087 qui
1578 2048 1598 2075 3

231 2121 270 2151 30
288 2121 363 2144 non
389 2107 594 2150 stationem,
617 2117 693 2141 non
712 2104 851 2152 vigilias
880 2104 1043 2147 inissent,
1068 2103 1200 2138 vallum
1221 2102 1434 2172 fossamque
1448 2102 1575 2173 quasi

288 2184 383 2208 nova
402 2177 438 2207 et
455 2171 548 2206 mira
567 2170 733 2212 viserent,
755 2168 831 2204 sine
855 2167 979 2214 galeis,
1002 2167 1079 2202 sine
1098 2166 1228 2210 loricis,
1237 2147 1372 2201 'nindi
1377 2171 1411 2201 et
1430 2176 1559 2212 quaes-
1604 2155 1606 2157 ¹

288 2235 393 2279 mosi,
432 2233 559 2269 militia
596 2243 662 2279 per
699 2231 835 2278 oppida
868 2229 1022 2277 expleta.
1068 2229 1205 2277 rigitur,
1233 2228 1389 2265 dimissis
1427 2228 1599 2276 quibus4

290 2304 458 2334 senectus
495 2302 556 2332 aut
586 2295 754 2330 valetudo
792 2294 945 2329 adversa
974 2298 1060 2337 erat,
1094 2285 1389 2339 supplementum
1424 2291 1558 2339 petivit.
