1674 2653
140 210 218 236 mn.
238 195 307 248 62.]
491 203 635 233 LIBER
664 203 740 232 XV.
798 203 894 233 CAP.
924 210 1038 246 9-12,

139 303 345 351 legionibus
365 309 398 339 et
418 303 550 339 alarios
577 303 821 351 octingentos,
841 315 968 351 parem
992 315 1187 339 numerum
1211 315 1232 340 e
1258 303 1415 340 cohorti-

139 367 209 402 bus
228 365 341 401 iussit.

191 434 244 466 11.
272 429 322 465 At
352 425 568 477 Vologe'ses,
600 429 768 478 quamvis
796 431 949 466 obsessa
978 443 999 466 a
1028 430 1142 466 Paeto
1170 430 1299 466 itinera
1331 429 1416 466 hinc

140 493 303 540 peditatu
332 493 417 529 inde
447 493 567 541 equite
596 493 807 540 accepisset,
837 493 925 528 nihil
952 500 1092 529 mutato
1113 494 1278 538 consilio,
1300 493 1363 529 sed
1383 494 1416 529 vi

141 569 183 592 ac
214 556 323 592 minis
352 556 469 592 alares
501 556 684 600 exterruit,
716 555 939 602 legionarios
970 556 1123 599 obtrivit,
1163 568 1237 592 uno
1275 562 1415 592 tantum
1435 570 1454 600 5

141 619 352 655 centurione
386 618 582 666 Tarquitio
613 619 811 656 Crescente
843 618 980 662 turrim,
1015 620 1051 654 in
1089 631 1162 667 qua
1195 619 1417 666 praesidium

140 683 312 730 agitabat,
335 682 529 719 defendere
550 694 641 719 auso
664 683 833 730 factaque
854 683 1001 730 saepius
1021 683 1213 730 eruptione
1233 689 1268 718 et
1288 683 1415 727 caesis,

140 747 202 794 qui
222 747 457 783 barbarorum
477 746 630 794 propius
656 746 998 794 suggrediebantur‚
1021 745 1140 782 donec
1160 746 1298 793 ignium
1319 746 1417 782 iactu

101 819 121 845 2
142 811 470 846 circumveniretur.
527 810 692 858 peditum
713 810 740 845 si
766 809 846 857 quis
873 810 1014 857 integer
1040 809 1244 857 longinqua
1269 815 1303 845 et
1326 809 1415 851 avia,

140 873 316 909 vulnerati
335 880 452 910 castra
476 874 687 921 repetivere,
708 873 878 909 virtutem
899 873 1006 920 regis,
1029 872 1217 909 saevitiam
1237 879 1272 908 et
1292 874 1416 921 copias
1439 885 1476 906 10

138 937 314 984 gentium,
335 945 467 974 cuncta
486 943 587 973 metu
608 937 837 981 extollentes,
859 935 954 973 facili
977 936 1188 972 credulitate
1207 948 1334 973 eorum
1355 936 1417 984 qui

100 1008 120 1036 3
139 1001 267 1036 eadem
287 1002 477 1048 pavebant.
535 1013 580 1037 ne
600 1001 674 1036 dux
699 1000 850 1048 quidem
871 1000 986 1036 obniti
1007 1000 1179 1044 adversis,
1201 1000 1264 1036 sed
1286 1007 1418 1037 cuncta

138 1063 288 1098 militiae
326 1063 452 1099 munia
494 1063 714 1107 deseruerat,
754 1062 875 1098 missis
914 1062 1043 1098 iterum
1081 1062 1127 1098 ad
1165 1062 1417 1099 Corbulonem

140 1126 321 1173 precibus,
342 1126 479 1162 veniret
499 1138 664 1174 propere,
689 1126 793 1173 signa
814 1132 848 1161 et
868 1125 1010 1173 aquilas
1031 1132 1066 1161 et
1085 1137 1224 1162 nomen
1237 1126 1416 1174 reliquum

139 1189 289 1225 infelicis
325 1190 504 1225 exercitus
538 1194 723 1225 tueretur:
765 1200 804 1224 se
842 1188 954 1225 fidem
992 1189 1148 1235 interim,
1187 1189 1306 1226 donec
1346 1190 1416 1226 vita
1438 1200 1474 1231 15

140 1252 356 1300 subpeditet,
376 1258 592 1289 retenturos.

189 1321 248 1352 12.
278 1316 342 1353 Ille
367 1316 550 1353 interritus
575 1323 611 1352 et
637 1322 738 1363 parte
765 1316 956 1364 copiarum
983 1316 1081 1364 apud
1109 1316 1253 1352 Suriam
1281 1316 1417 1362 relicta,

138 1385 176 1415 ut
199 1380 428 1416 munimenta
447 1379 629 1427 Euphrati
655 1379 814 1427 inposita
841 1380 1092 1425 retinerentur,
1114 1392 1187 1428 qua
1206 1381 1416 1428 proximum
1444 1372 1446 1374 θ

137 1449 172 1479 et
191 1444 457 1480 commeatibus
478 1456 554 1479 non
577 1455 748 1491 egenum,
777 1444 967 1491 regionem
992 1444 1299 1492 Commagenam,
1319 1444 1415 1480 exim

99 1517 119 1544 2
139 1506 427 1554 Cappadociam,
462 1507 546 1543 inde
584 1507 783 1543 Armenios
817 1507 955 1554 petivit.
1011 1507 1282 1543 comitabantur
1314 1520 1416 1544 exer·
1438 1525 1476 1546 20

138 1569 249 1604 citum
271 1576 412 1617 praeter
436 1570 506 1606 alia
535 1577 637 1606 sueta
659 1569 754 1605 bello
782 1581 920 1617 magna
948 1570 1000 1606 vis
1029 1570 1255 1607 camelorum
1284 1578 1417 1607 onusta

99 1632 317 1685 3frumenti‚
353 1640 392 1668 ut
425 1632 532 1683 simul
562 1632 705 1668 hostem
744 1632 955 1680 famemque
995 1633 1201 1680 depelleret.
1256 1634 1416 1682 primum

23 1686 115 1723 ΕΝ
137 1709 156 1733 e
180 1688 354 1743 perculsis
384 1695 560 1749 1³39?me
589 1695 697 1747 primi
726 1695 787 1742 pili
817 1696 1070 1732 centurionem
1101 1697 1251 1732 obvium
1279 1696 1415 1741 habuit,

137 1759 221 1795 dein
247 1759 441 1807 plerosque
469 1758 650 1803 militum;
681 1769 775 1805 quos
803 1758 965 1795 diversas
993 1758 1099 1806 fugae
1130 1771 1259 1796 causas
1287 1761 1415 1796 obten-

137 1822 264 1859 dentes
285 1823 400 1858 redire
421 1821 468 1858 ad
488 1822 592 1874 signa
612 1828 647 1858 et
666 1821 898 1857 clementiam
923 1822 1023 1858 Paeti
1042 1824 1198 1870 experiri
1219 1824 1393 1860 monebat
1405 1836 1414 1869 ς
1436 1840 1472 1872 25

96 1898 120 1925 4
137 1898 175 1922 se
204 1886 272 1921 nisi
299 1880 502 1922 victoribus>
523 1879 703 1921 immitem
729 1897 820 1921 esse.
876 1886 983 1922 simul
1011 1898 1094 1923 suas
1120 1887 1282 1935 legiones
1303 1887 1413 1931 adire,

137 1949 281 1994 hortari,
308 1950 471 1997 priorum
499 1949 711 1993 admonere,
742 1960 876 1985 novam
899 1949 1055 1997 gloriam
1082 1950 1282 1986 ostendere.
1339 1961 1415 1985 non

135 2012 235 2048 vicos
263 2019 325 2048 aut
350 2011 488 2059 oppida
513 2011 785 2055 Armeniorum,
816 2011 880 2048 sed
906 2019 1023 2048 castra
1051 2012 1224 2049 Romana
1250 2013 1414 2060 duasque

96 2087 116 2115 5
136 2075 173 2110 in
193 2075 235 2111 iis
248 2075 410 2122 legiones
429 2074 585 2122 pretium
606 2074 740 2110 laboris
761 2075 845 2121 peti.
901 2075 929 2111 si
950 2075 1415 2123 singulQpJQri-bus

135 2139 330 2185 praecipua
356 2137 488 2183 servati
496 2137 760 2184 Πςίνγίἕζςοξῼῌε.
783 2138 1025 2184 imperatoria
1049 2139 1414 2189 maUPJ-fflfflssffims,
1434 2149 1474 2178 50

134 2201 234 2250 quod
253 2200 344 2237 illud
369 2207 406 2237 et
433 2208 612 2247 quantum
644 2201 767 2244 decus,
790 2201 852 2236 ubi
879 2213 945 2248 par
973 2213 1102 2237 eorum
1123 2213 1298 2237 numerus
1319 2202 1416 2249 aspi-

92 2273 115 2301 6
133 2271 283 2308 ceretur,
306 2264 367 2311 qui
390 2263 605 2299 adtulissent
621 2263 775 2299 salutem
795 2270 830 2299 et
845 2264 906 2311 qui
924 2264 1173 2311 accepissent!
1231 2264 1285 2300 his
1304 2270 1414 2312 atque

132 2326 263 2363 talibus
292 2327 329 2362 in
355 2337 553 2363 commune
582 2326 721 2362 alacres
744 2324 796 2374 (et
823 2332 924 2362 erant
950 2339 1044 2375 quos
1074 2327 1234 2375 pericula
1261 2328 1414 2364 fratrum
