1674 2653
120 197 196 222 Λα).
216 182 286 235 59.]
469 189 616 220 LIBER
643 189 742 219 XIV.
800 189 896 220 CAP.
929 191 1064 232 13-17.

81 301 103 330 2
123 291 217 327 data.
273 303 349 327 non
382 291 553 327 nobilitas
591 290 776 338 cuiquam,
807 302 883 327 non
917 297 1017 326 aetas
1048 295 1110 326 aut
1140 288 1210 326 acti
1241 288 1400 325 honores

123 354 401 402 impedimento,
435 366 510 402 quo
544 354 666 389 minus
700 353 833 390 Graeci
867 353 1034 389 Latinive
1069 353 1253 390 histrionis
1285 358 1401 388 artem

83 424 332 456 3exercerent
360 428 479 465 usque
509 417 556 453 ad
588 424 711 465 gestus
749 417 957 465 modosque
991 417 1090 453 haud
1126 416 1257 453 viriles.
1312 415 1402 464 quin

122 487 157 516 et
185 480 343 516 feminae
373 480 542 516 inlustres
573 479 752 516 deformia
783 480 972 524 meditari;
1013 486 1271 528 exstructaque
1302 478 1402 527 apud

123 555 266 585 nemus,
304 542 405 591 quod
441 543 559 579 navali
598 550 729 590 stagno
772 543 1037 591 circumposuit
1075 543 1274 591 Augustus,
1315 552 1438 585 con-5

123 606 305 643 venticula
341 613 375 642 et
413 618 607 654 cauponae
647 613 682 642 et
727 607 846 654 posita
883 618 976 643 veno
1020 607 1253 642 inritamenta
1290 605 1402 641 luxui.

124 670 377 717 dabanturque
419 670 543 718 stipes,
586 681 678 718 quas
721 670 809 706 boni
852 670 1078 713 necessitate,
1118 670 1404 716 intemperantes

84 733 240 780 4gloria
270 741 541 769 consumerent.
598 733 683 769 inde
714 733 867 780 gliscere
906 732 1043 779 flagitia
1074 739 1110 768 et
1143 731 1303 778 infamia,
1334 743 1403 768 nec

125 796 199 832 ulla
217 797 382 832 moribus
402 797 489 832 olim
510 797 689 844 corruptis
715 797 796 844 plus
816 796 1011 832 libidinum
1032 795 1272 832 circumdedit
1291 806 1404 844 quam

86 867 106 895 5
126 859 185 894 illa
210 859 407 895 conluvies.
463 860 522 895 vix
547 860 684 896 artibus
711 859 876 896 honestis
906 859 1026 907 pudor
1054 858 1238 902 retinetur,
1267 859 1403 894 nedum
1425 870 1463 891 10

126 923 217 958 inter
236 923 435 960 certamina
455 924 624 960 vitiorum
646 924 821 971 pudicitia
840 930 902 960 aut
922 923 1103 960 modestia
1123 929 1184 958 aut
1205 923 1405 970 quicquam

86 993 108 1021 6
126 986 231 1033 probi
259 987 370 1022 moris
396 994 653 1026 reservaretur.
709 994 938 1035 postremum
966 987 1043 1034 ipse
1064 998 1237 1022 scaenam
1258 985 1404 1029 incedit,

127 1049 241 1085 multa
266 1061 353 1085 cura
380 1056 566 1098 temptans
592 1050 768 1086 citharam
794 1057 830 1086 et
855 1049 1127 1097 praemeditans
1147 1048 1406 1085 adsistentibus

89 1120 108 1150 7
128 1112 335 1160 phonascis.
392 1120 596 1150 accesserat
617 1114 750 1150 cohors
766 1113 934 1157 militum,
952 1113 1182 1149 centuriones
1198 1112 1406 1159 tribunique

87 1182 109 1209 8
128 1182 162 1211 et
187 1186 354 1211 maerens
380 1175 517 1211 Burrus
543 1188 586 1212 ac
613 1176 777 1212 laudans.
833 1183 995 1223 tuncque
1022 1175 1181 1222 primum
1209 1174 1406 1222 conscripti
1429 1184 1463 1215 15

129 1244 212 1274 sunt
236 1238 378 1286 equites
400 1238 562 1275 Romani
589 1245 845 1286 cognomento
873 1239 1200 1286 Augustianorum,
1223 1244 1342 1274 aetate
1363 1250 1406 1274 ac

129 1302 262 1338 robore
299 1302 498 1349 conspicui,
533 1309 568 1338 et
601 1314 685 1351 pars
723 1302 872 1349 ingenio
909 1313 1099 1350 procaces,
1131 1301 1190 1336 alii
1227 1301 1264 1336 in
1302 1312 1407 1348 spem

87 1365 322 1413 opotentiae.
377 1365 400 1400 ii
434 1365 511 1401 dies
548 1377 592 1402 ac
629 1374 757 1402 noctes
796 1365 981 1412 plausibus
1018 1376 1216 1412 personare
1249 1363 1407 1400 formam

129 1428 301 1476 principis
330 1440 535 1476 vocemque
565 1428 676 1464 deum
704 1429 894 1465 vocabulis
923 1427 1173 1476 appellantes;
1207 1427 1310 1475 quasi
1341 1439 1408 1475 per

129 1491 296 1527 virtutem
315 1491 402 1527 clari
423 1491 666 1540 honoratique
687 1504 808 1539 agere.
1428 1500 1466 1522 20

182 1558 242 1591 16.
272 1553 330 1590 Ne
363 1561 486 1591 tamen
515 1554 675 1591 ludicrae
707 1561 850 1591 tantum
885 1555 1115 1603 imperatoris
1152 1561 1248 1591 artes
1285 1560 1408 1591 notes-

103 1610 107 1613 *
130 1624 255 1654 cerent
273 1618 477 1654 carminum
497 1629 645 1666 quoque
662 1618 822 1654 studium
842 1618 1049 1665 adfectavit,
1065 1619 1260 1656 contractis
1276 1618 1409 1665 quibus

91 1681 254 1728 2aliqua
285 1681 472 1728 pangendi
510 1681 663 1718 facultas
696 1681 855 1718 necdum
888 1682 1042 1729 insignis
1077 1690 1163 1719 erat.
1219 1682 1256 1717 hi
1289 1680 1409 1717 cenati

132 1744 322 1780 considere
369 1743 486 1788 simul,
527 1751 561 1781 et
607 1745 748 1781 adlatos
794 1745 850 1781 vel
891 1745 1030 1782 ibidem
1076 1752 1242 1793 repertos
1284 1755 1409 1780 versus

133 1814 323 1843 conectere
342 1816 452 1854 atque
475 1807 589 1854 ipsius
615 1808 725 1844 verba
752 1819 904 1855 quoquo
931 1808 1045 1845 modo
1064 1808 1207 1856 prolata
1227 1807 1408 1855 supplere,
1430 1817 1466 1848 25

133 1870 234 1918 quod
258 1870 398 1917 species
423 1870 502 1918 ipsa
529 1871 735 1907 carminum
761 1870 880 1915 docet,
909 1883 985 1908 non
1010 1871 1149 1919 impetu
1176 1877 1211 1908 et
1237 1871 1409 1906 instinctu

93 1942 201 1971 snec
239 1944 301 1969 ore
336 1944 411 1969 uno
447 1932 577 1969 fluens.
631 1934 741 1969 etiam
779 1934 980 1981 sapientiae
1016 1934 1228 1979 doctoribus
1264 1940 1410 1981 tempus

134 1996 363 2044 impertiebat
409 2002 493 2043 post
539 1996 677 2044 epulas,
725 2003 838 2043 utque
885 1997 1066 2033 contraria
1117 1997 1410 2033 adseverantium

134 2059 315 2096 discordia
341 2059 526 2095 frueretur.
581 2072 650 2095 nec
678 2060 828 2095 deerant
853 2060 916 2107 qui
937 2071 998 2096 ore
1018 2059 1192 2108 vultuque
1212 2059 1302 2096 tristi
1319 2060 1412 2096 inter

133 2122 404 2159 oblectamenta
424 2123 523 2170 regia
543 2122 698 2169 spectari
717 2129 905 2170 cuperent.
1430 2132 1470 2162 30

185 2189 246 2223 17.
277 2184 353 2221 Sub
382 2184 480 2221 idem
509 2191 654 2232 tempus
682 2184 749 2221 levi
778 2185 880 2220 initio
911 2191 1014 2221 atrox
1044 2185 1175 2222 caedes
1209 2192 1290 2223 orta
1318 2185 1412 2221 inter

134 2247 291 2284 colonos
325 2247 537 2284 Nucerinos
571 2248 895 2296 Pompeianosque
932 2248 1152 2295 gladiatorio
1187 2248 1411 2295 spectaculo,

135 2310 235 2359 quod
256 2310 441 2347 Livineius
469 2310 643 2358 Regulus,
664 2322 775 2358 quem
801 2316 944 2346 motum
968 2318 1097 2347 senatu
1118 2311 1247 2356 rettuli,
1267 2311 1410 2349 edebat.
