1674 2653
534 175 763 206 CORNELII
792 176 956 206 TACJTI
979 175 1247 205 ANNALJUM
1298 170 1431 220 [A.U.C.
1451 177 1523 216 815.

250 282 406 312 matrem
437 277 671 321 subvenisse;
700 277 821 312 locum
851 276 949 312 haud
977 277 1128 313 minoris
1151 277 1288 323 gratiae
1318 277 1464 320 instare,
1493 276 1523 312 si

251 340 449 387 coniugem
482 339 664 376 infensam
698 340 902 387 depelleret.
958 351 1027 375 nec
1058 351 1170 375 manu
1204 346 1266 375 aut
1298 339 1370 375 telo
1403 346 1561 386 opus:5

250 403 422 439 fateretur
449 402 625 439 Octaviae
651 403 880 439 adulterium.
934 403 1078 439 occulta
1102 403 1251 450 quidem
1275 402 1322 438 ad
1339 413 1523 450 praesens,

253 466 315 501 sed
350 478 486 513 magna
519 467 552 502 ei
581 466 744 514 praemia
771 472 807 502 et
839 477 1005 502 secessus
1034 477 1210 502 amoenos
1237 465 1423 513 promittit,
1454 465 1522 508 vel,

214 544 231 575 5
252 530 280 564 si
297 530 511 576 negavisset,
530 525 658 566 necem
675 529 838 566 intentat.
895 529 953 564 ille
969 529 1075 565 insita
1093 529 1286 565 vaecordia
1299 535 1334 565 et
1353 528 1522 565 facilitate
1540 535 1562 563 6

251 594 414 640 priorum
445 593 679 640 flagitiorum,
714 593 819 641 plura
855 593 964 629 etiam
997 605 1108 641 quam
1142 593 1281 629 iussum
1311 599 1387 629 erat
1420 592 1523 639 fingit

251 653 456 701 fateturque
501 655 600 702 apud
644 656 794 698 amicos,
835 665 930 702 quos
973 654 1068 689 velut
1112 654 1266 690 consilio
1308 653 1522 689 adhibuerat

250 717 433 765 princeps.
488 723 564 754 tum
586 718 623 753 in
645 717 850 754 Sardiniam
871 717 1024 765 pellitur,
1046 717 1109 753 ubi
1139 729 1214 754 non
1241 717 1349 765 inops
1374 716 1521 752 exilium

251 780 415 816 toleravit
435 787 470 816 et
490 780 565 816 fato
586 781 685 817 obiit.

195 860 232 881 10
305 848 368 880 63.
398 844 446 880 At
467 843 568 880 Nero
589 844 814 892 praefectum
835 844 871 880 in
891 856 995 892 spem
1017 843 1215 880 sociandae
1231 844 1357 880 classis
1372 854 1520 890 corrup-

250 912 339 951 tum,
360 914 395 943 et
417 907 604 943 incusatae
625 907 735 954 paulo
757 914 840 943 ante
861 907 1055 943 sterilitatis
1071 906 1214 951 oblitus,
1233 907 1383 943 abactos
1398 912 1520 953 partus

249 970 476 1006 conscientia
508 970 710 1014 libidinum,
742 982 859 1018 eaque
890 970 957 1006 sibi
987 975 1164 1017 conperta
1192 970 1312 1006 edicto
1340 975 1520 1005 memorat

250 1034 442 1081 insulaque
460 1033 679 1069 Pandateria
695 1033 887 1070 Octaviam
908 1033 1054 1069 claudit.
1109 1044 1185 1069 non
1204 1033 1273 1069 alia
1293 1032 1378 1068 exul
1402 1033 1519 1068 visen·
1536 1037 1557 1066 2

247 1097 338 1132 tium
365 1096 492 1133 oculos
518 1097 656 1133 maiore
685 1097 934 1133 misericordia
953 1096 1093 1133 adfecit.
1140 1097 1383 1133 meminerant
1401 1095 1521 1132 adhuc

192 1175 227 1206 15
249 1159 400 1208 quidam
438 1159 665 1207 Agrippinae
702 1171 724 1196 a
764 1159 926 1203 Tiberio,
969 1159 1148 1195 recentior
1188 1159 1301 1195 Iuliae
1346 1158 1523 1194 memoria

247 1223 509 1259 obversabatur
525 1235 545 1258 a
561 1222 717 1259 Claudio
732 1223 857 1271 pulsae
874 1236 881 1259 :
913 1223 976 1258 sed
992 1222 1058 1258 illis
1073 1223 1183 1259 robur
1196 1222 1320 1259 aetatis
1335 1221 1520 1266 adfuerat;
1539 1226 1559 1255 3

249 1285 343 1321 laeta
370 1285 492 1332 aliqua
519 1286 683 1322 viderant
711 1292 745 1322 et
773 1293 1003 1333 praesentem
1032 1286 1219 1322 saevitiam
1245 1285 1404 1321 melioris
1432 1284 1520 1320 olim

248 1349 417 1385 fortunae
447 1349 698 1385 recordatione
727 1349 954 1385 adlevabant.
1010 1349 1094 1385 huic
1122 1349 1282 1397 primum
1312 1348 1519 1395 nuptiarum
1537 1353 1560 1380 4

248 1412 326 1447 dies
355 1412 436 1448 loco
465 1412 601 1448 funeris
629 1412 704 1457 fuit,
734 1412 911 1449 deductae
940 1413 976 1448 in
1005 1412 1158 1449 domum
1184 1413 1221 1448 in
1247 1423 1320 1459 qua
1343 1410 1431 1446 nihil
1451 1410 1519 1445 nisi

192 1491 229 1512 20
248 1475 455 1511 luctuosum
476 1475 636 1519 haberet,
652 1482 776 1523 erepto
797 1488 861 1523 per
876 1487 1058 1511 venenum
1075 1481 1177 1523 patre
1197 1482 1231 1511 et
1251 1475 1370 1511 statim
1388 1473 1495 1508 fratre
1509 1484 1518 1517 ;

249 1546 326 1573 tum
346 1538 477 1574 ancilla
496 1538 649 1575 domina
669 1539 819 1575 validior
840 1545 875 1575 et
895 1539 1069 1587 Poppaea
1089 1550 1164 1575 non
1185 1538 1253 1574 nisi
1269 1539 1306 1573 in
1321 1536 1519 1585 perniciem

247 1603 373 1638 uxoris
393 1608 516 1650 nupta,
537 1608 725 1649 postremo
745 1603 884 1638 crimen
904 1603 1006 1638 omni
1026 1603 1137 1639 exitio
1157 1602 1314 1650 gravius.

300 1670 364 1701 64.
394 1665 449 1701 Ac
482 1665 602 1712 puella
635 1666 835 1701 vicensimo
868 1666 997 1702 aetatis
1030 1677 1129 1701 anno
1162 1666 1253 1701 inter
1290 1663 1519 1701 centuriones

247 1735 282 1764 et
309 1728 452 1773 milites,
482 1728 676 1776 praesagio
706 1728 888 1765 malorum
918 1729 990 1765 iarn
1019 1729 1112 1764 vitae
1140 1733 1322 1775 exempta,
1351 1726 1516 1763 nondum

192 1805 228 1836 25
248 1798 370 1826 tamen
398 1797 515 1827 morte
538 1792 807 1839 adquiescebat.
863 1792 987 1840 paucis
1013 1791 1144 1828 dehinc
1170 1790 1366 1828 interiectis
1388 1789 1517 1825 diebus
1533 1794 1554 1822 2

249 1855 341 1890 mori
367 1855 521 1898 iubetur,
542 1865 627 1890 cum
653 1855 724 1890 iam
745 1855 892 1891 viduam
921 1866 959 1891 se
989 1862 1023 1890 et
1048 1861 1189 1891 tantum
1219 1864 1383 1890 sororem
1410 1858 1516 1888 testa-

249 1925 346 1954 retur
383 1929 675 1964 communesque
713 1917 958 1953 Germanicos
994 1925 1029 1954 et
1066 1924 1255 1965 postremo
1292 1916 1516 1964 Agrippinae

248 1993 384 2017 nomen
404 1981 524 2025 cieret,
545 1992 618 2028 qua
639 1980 813 2016 incolumi
835 1980 959 2016 infelix
980 1981 1128 2029 quidem
1148 1980 1432 2023 matrimonium,
1453 1978 1517 2014 sed

249 2045 326 2079 sine
363 2045 475 2079 exitio
516 2044 731 2091 pertulisset.
786 2044 1010 2091 restringitur
1050 2043 1174 2079 vinclis
1217 2054 1403 2090 venaeque
1440 2042 1554 2077 eiusa

191 2118 229 2149 30
249 2119 313 2153 per
333 2119 463 2143 omnes
483 2115 581 2143 artus
601 2107 837 2143 exsolvuntur
854 2120 863 2152 3
894 2114 928 2142 et
947 2107 1033 2155 quia
1053 2117 1200 2154 pressus
1220 2117 1353 2154 pavore
1368 2105 1517 2151 sanguis

248 2170 387 2205 tardius
416 2170 617 2214 labebatur,
639 2169 853 2217 praefervidi
878 2169 997 2205 balnei
1017 2180 1151 2216 vapore
1180 2175 1363 2204 enecatur.
1414 2167 1515 2203 addi·
1533 2171 1555 2198 4

249 2240 379 2280 turque
411 2233 565 2268 atrocior
599 2232 754 2275 saevitia,
790 2232 889 2279 quod
923 2240 1030 2279 caput
1069 2238 1297 2278 amputatum
1331 2231 1515 2277 latumque

249 2296 286 2331 in
323 2296 449 2330 urbem
487 2295 660 2342 Poppaea
697 2294 791 2330 vidit.
847 2295 946 2330 dona
978 2294 1027 2329 ob
1061 2293 1151 2330 haec
1188 2293 1332 2341 templis
1369 2293 1516 2329 decreta
