<?xml version="1.0" encoding="UTF-8"?>
<!DOCTYPE html PUBLIC "-//W3C//DTD XHTML 1.0 Transitional//EN"
    "http://www.w3.org/TR/xhtml1/DTD/xhtml1-transitional.dtd">
<html xmlns="http://www.w3.org/1999/xhtml" xml:lang="en" lang="en">
 <head>
  <title>
</title>
<meta http-equiv="Content-Type" content="text/html;charset=utf-8" />
  <meta name='ocr-system' content='tesseract 3.04.00' />
  <meta name='ocr-capabilities' content='ocr_page ocr_carea ocr_par ocr_line ocrx_word'/>
</head>
<body>
  <div class='ocr_page' id='page_1' title='image "./cornellitacitian00taci_0070.png"; bbox 0 0 1725 2653; ppageno 0'>
   <div class='ocr_carea' id='block_1_1' title="bbox 570 142 1561 195">
    <p class='ocr_par' dir='ltr' id='par_1_1' title="bbox 570 142 1561 195">
     <span class='ocr_line' id='line_1_1' title="bbox 570 142 1561 195; baseline -0.001 -13"><span class='ocrx_word' id='word_1_1' title='bbox 570 151 799 182; x_wconf 63' lang='lat' dir='ltr'>CORAOELJJ</span> <span class='ocrx_word' id='word_1_2' title='bbox 828 151 992 181; x_wconf 75' lang='lat' dir='ltr'><em>TACJTJ</em></span> <span class='ocrx_word' id='word_1_3' title='bbox 1016 151 1284 181; x_wconf 77' lang='lat' dir='ltr'><em>ANNALJUM</em></span> <span class='ocrx_word' id='word_1_4' title='bbox 1336 142 1469 195; x_wconf 43' lang='lat' dir='ltr'>[mue.</span> <span class='ocrx_word' id='word_1_5' title='bbox 1490 152 1561 181; x_wconf 85' lang='lat'><em>811.</em></span> 
     </span>
    </p>
   </div>
   <div class='ocr_carea' id='block_1_2' title="bbox 233 251 1600 2314">
    <p class='ocr_par' dir='ltr' id='par_1_2' title="bbox 236 251 1600 1935">
     <span class='ocr_line' id='line_1_2' title="bbox 293 251 1599 299; baseline -0.002 -10"><span class='ocrx_word' id='word_1_6' title='bbox 293 252 494 289; x_wconf 83' lang='lat' dir='ltr'>admodum</span> <span class='ocrx_word' id='word_1_7' title='bbox 512 252 716 288; x_wconf 87' lang='lat' dir='ltr'>vulneratis.</span> <span class='ocrx_word' id='word_1_8' title='bbox 772 258 806 288; x_wconf 88' lang='lat' dir='ltr'>et</span> <span class='ocrx_word' id='word_1_9' title='bbox 826 252 957 288; x_wconf 84' lang='lat' dir='ltr'>inbelle</span> <span class='ocrx_word' id='word_1_10' title='bbox 978 252 1106 299; x_wconf 87' lang='lat' dir='ltr'>vulgus</span> <span class='ocrx_word' id='word_1_11' title='bbox 1125 253 1193 288; x_wconf 89' lang='lat' dir='ltr'>sub</span> <span class='ocrx_word' id='word_1_12' title='bbox 1219 264 1355 288; x_wconf 87' lang='lat' dir='ltr'>corona</span> <span class='ocrx_word' id='word_1_13' title='bbox 1374 251 1561 287; x_wconf 88' lang='lat' dir='ltr'>venunda-</span> <span class='ocrx_word' id='word_1_14' title='bbox 1580 263 1599 293; x_wconf 91' lang='lat'><strong>7</strong></span> 
     </span>
     <span class='ocr_line' id='line_1_3' title="bbox 292 315 1562 363; baseline 0 -13"><span class='ocrx_word' id='word_1_15' title='bbox 292 322 380 361; x_wconf 91' lang='lat' dir='ltr'>tum,</span> <span class='ocrx_word' id='word_1_16' title='bbox 417 316 554 362; x_wconf 87' lang='lat' dir='ltr'>reliqua</span> <span class='ocrx_word' id='word_1_17' title='bbox 588 315 722 363; x_wconf 89' lang='lat' dir='ltr'>praeda</span> <span class='ocrx_word' id='word_1_18' title='bbox 751 315 947 350; x_wconf 89' lang='lat' dir='ltr'>victoribus</span> <span class='ocrx_word' id='word_1_19' title='bbox 976 316 1092 351; x_wconf 81' lang='lat' dir='ltr'>cessit.</span> <span class='ocrx_word' id='word_1_20' title='bbox 1149 315 1224 362; x_wconf 91' lang='lat' dir='ltr'>pari</span> <span class='ocrx_word' id='word_1_21' title='bbox 1253 315 1395 351; x_wconf 83' lang='lat' dir='ltr'>fortuna</span> <span class='ocrx_word' id='word_1_22' title='bbox 1422 315 1562 362; x_wconf 86' lang='lat' dir='ltr'>legatus</span> 
     </span>
     <span class='ocr_line' id='line_1_4' title="bbox 294 378 1561 426; baseline -0.001 -12"><span class='ocrx_word' id='word_1_23' title='bbox 294 391 336 414; x_wconf 92' lang='lat' dir='ltr'>ac</span> <span class='ocrx_word' id='word_1_24' title='bbox 361 378 566 426; x_wconf 78' lang='lat' dir='ltr'><strong>praefectus</strong></span> <span class='ocrx_word' id='word_1_25' title='bbox 593 378 648 414; x_wconf 89' lang='lat' dir='ltr'>usi</span> <span class='ocrx_word' id='word_1_26' title='bbox 672 384 765 422; x_wconf 87' lang='lat' dir='ltr'>sunt,</span> <span class='ocrx_word' id='word_1_27' title='bbox 786 379 971 425; x_wconf 80' lang='lat' dir='ltr'>tribusque</span> <span class='ocrx_word' id='word_1_28' title='bbox 997 390 1071 414; x_wconf 89' lang='lat' dir='ltr'>una</span> <span class='ocrx_word' id='word_1_29' title='bbox 1090 378 1147 414; x_wconf 89' lang='lat' dir='ltr'>die</span> <span class='ocrx_word' id='word_1_30' title='bbox 1169 378 1324 414; x_wconf 75' lang='lat' dir='ltr'>castellis</span> <span class='ocrx_word' id='word_1_31' title='bbox 1343 378 1561 425; x_wconf 82' lang='lat' dir='ltr'>expugnatis</span> 
     </span>
     <span class='ocr_line' id='line_1_5' title="bbox 293 441 1561 488; baseline -0.002 -11"><span class='ocrx_word' id='word_1_32' title='bbox 293 448 413 477; x_wconf 85' lang='lat' dir='ltr'>cetera</span> <span class='ocrx_word' id='word_1_33' title='bbox 437 448 573 477; x_wconf 89' lang='lat' dir='ltr'>terrore</span> <span class='ocrx_word' id='word_1_34' title='bbox 598 447 633 477; x_wconf 90' lang='lat' dir='ltr'>et</span> <span class='ocrx_word' id='word_1_35' title='bbox 659 441 728 477; x_wconf 85' lang='lat' dir='ltr'>alia</span> <span class='ocrx_word' id='word_1_36' title='bbox 754 447 885 488; x_wconf 88' lang='lat' dir='ltr'>sponte</span> <span class='ocrx_word' id='word_1_37' title='bbox 911 441 1112 477; x_wconf 86' lang='lat' dir='ltr'>incolarum</span> <span class='ocrx_word' id='word_1_38' title='bbox 1137 441 1174 476; x_wconf 91' lang='lat' dir='ltr'>in</span> <span class='ocrx_word' id='word_1_39' title='bbox 1199 441 1420 477; x_wconf 89' lang='lat' dir='ltr'>deditionem</span> <span class='ocrx_word' id='word_1_40' title='bbox 1440 441 1561 477; x_wconf 88' lang='lat' dir='ltr'>venie-</span> 
     </span>
     <span class='ocr_line' id='line_1_6' title="bbox 255 503 1560 551; baseline -0.002 -11"><span class='ocrx_word' id='word_1_41' title='bbox 255 516 272 546; x_wconf 86' lang='lat'><strong>5</strong></span> <span class='ocrx_word' id='word_1_42' title='bbox 294 506 392 540; x_wconf 89' lang='lat' dir='ltr'>bant.</span> <span class='ocrx_word' id='word_1_43' title='bbox 447 504 544 540; x_wconf 88' lang='lat' dir='ltr'>unde</span> <span class='ocrx_word' id='word_1_44' title='bbox 569 510 647 540; x_wconf 88' lang='lat' dir='ltr'>orta</span> <span class='ocrx_word' id='word_1_45' title='bbox 668 504 799 540; x_wconf 87' lang='lat' dir='ltr'>fiducia</span> <span class='ocrx_word' id='word_1_46' title='bbox 826 510 936 551; x_wconf 88' lang='lat' dir='ltr'>eaput</span> <span class='ocrx_word' id='word_1_47' title='bbox 963 504 1083 551; x_wconf 88' lang='lat' dir='ltr'>gentis</span> <span class='ocrx_word' id='word_1_48' title='bbox 1108 503 1284 539; x_wconf 75' lang='lat' dir='ltr'>Artaxata</span> <span class='ocrx_word' id='word_1_49' title='bbox 1312 503 1560 550; x_wconf 86' lang='lat' dir='ltr'>adgrediendi.</span> 
     </span>
     <span class='ocr_line' id='line_1_7' title="bbox 293 567 1600 615; baseline 0 -12"><span class='ocrx_word' id='word_1_50' title='bbox 293 580 360 603; x_wconf 92' lang='lat' dir='ltr'>nec</span> <span class='ocrx_word' id='word_1_51' title='bbox 386 574 509 603; x_wconf 87' lang='lat' dir='ltr'>tamen</span> <span class='ocrx_word' id='word_1_52' title='bbox 534 567 706 615; x_wconf 82' lang='lat' dir='ltr'>proximo</span> <span class='ocrx_word' id='word_1_53' title='bbox 734 567 860 603; x_wconf 89' lang='lat' dir='ltr'>itinere</span> <span class='ocrx_word' id='word_1_54' title='bbox 886 567 1014 603; x_wconf 89' lang='lat' dir='ltr'>ductae</span> <span class='ocrx_word' id='word_1_55' title='bbox 1041 567 1215 614; x_wconf 75' lang='lat' dir='ltr'>legiones,</span> <span class='ocrx_word' id='word_1_56' title='bbox 1238 579 1331 614; x_wconf 90' lang='lat' dir='ltr'>quae</span> <span class='ocrx_word' id='word_1_57' title='bbox 1359 567 1387 602; x_wconf 90' lang='lat' dir='ltr'>si</span> <span class='ocrx_word' id='word_1_58' title='bbox 1412 578 1559 602; x_wconf 91' lang='lat' dir='ltr'>amnem</span> <span class='ocrx_word' id='word_1_59' title='bbox 1578 576 1600 603; x_wconf 87' lang='lat'>8</span> 
     </span>
     <span class='ocr_line' id='line_1_8' title="bbox 296 627 1560 676; baseline -0.002 -12"><span class='ocrx_word' id='word_1_60' title='bbox 296 628 451 672; x_wconf 79' lang='lat' dir='ltr'>Araxen,</span> <span class='ocrx_word' id='word_1_61' title='bbox 474 628 534 676; x_wconf 91' lang='lat' dir='ltr'>qui</span> <span class='ocrx_word' id='word_1_62' title='bbox 549 628 695 665; x_wconf 89' lang='lat' dir='ltr'>moenia</span> <span class='ocrx_word' id='word_1_63' title='bbox 715 627 837 671; x_wconf 84' lang='lat' dir='ltr'>adluit,</span> <span class='ocrx_word' id='word_1_64' title='bbox 857 634 970 675; x_wconf 87' lang='lat' dir='ltr'>ponte</span> <span class='ocrx_word' id='word_1_65' title='bbox 991 627 1335 674; x_wconf 78' lang='lat' dir='ltr'>transgrederentur,</span> <span class='ocrx_word' id='word_1_66' title='bbox 1360 628 1428 663; x_wconf 92' lang='lat' dir='ltr'>sub</span> <span class='ocrx_word' id='word_1_67' title='bbox 1448 627 1560 663; x_wconf 86' lang='lat' dir='ltr'>ictum</span> 
     </span>
     <span class='ocr_line' id='line_1_9' title="bbox 294 690 1230 738; baseline 0 -12"><span class='ocrx_word' id='word_1_68' title='bbox 294 691 496 727; x_wconf 76' lang='lat' dir='ltr'>dabantur:</span> <span class='ocrx_word' id='word_1_69' title='bbox 526 691 651 738; x_wconf 90' lang='lat' dir='ltr'>procul</span> <span class='ocrx_word' id='word_1_70' title='bbox 672 698 706 727; x_wconf 90' lang='lat' dir='ltr'>et</span> <span class='ocrx_word' id='word_1_71' title='bbox 724 691 911 727; x_wconf 87' lang='lat' dir='ltr'>latioribus</span> <span class='ocrx_word' id='word_1_72' title='bbox 931 690 1029 726; x_wconf 85' lang='lat' dir='ltr'>vadis</span> <span class='ocrx_word' id='word_1_73' title='bbox 1049 691 1230 726; x_wconf 79' lang='lat' dir='ltr'>transiere.</span> 
     </span>
     <span class='ocr_line' id='line_1_10' title="bbox 331 742 1558 804; baseline 0.002 -20"><span class='ocrx_word' id='word_1_74' title='bbox 331 755 412 804; x_wconf 90' lang='lat'>40.</span> <span class='ocrx_word' id='word_1_75' title='bbox 443 751 493 787; x_wconf 92' lang='lat' dir='ltr'>At</span> <span class='ocrx_word' id='word_1_76' title='bbox 512 742 694 787; x_wconf 76' lang='lat' dir='ltr'>Tiridates</span> <span class='ocrx_word' id='word_1_77' title='bbox 718 751 854 798; x_wconf 88' lang='lat' dir='ltr'>pudore</span> <span class='ocrx_word' id='word_1_78' title='bbox 875 757 908 787; x_wconf 89' lang='lat' dir='ltr'>et</span> <span class='ocrx_word' id='word_1_79' title='bbox 931 757 1040 795; x_wconf 89' lang='lat' dir='ltr'>metu,</span> <span class='ocrx_word' id='word_1_80' title='bbox 1062 763 1118 795; x_wconf 82' lang='lat' dir='ltr'>ne,</span> <span class='ocrx_word' id='word_1_81' title='bbox 1139 751 1168 786; x_wconf 92' lang='lat' dir='ltr'>si</span> <span class='ocrx_word' id='word_1_82' title='bbox 1195 751 1436 787; x_wconf 84' lang='lat' dir='ltr'>concessisset</span> <span class='ocrx_word' id='word_1_83' title='bbox 1461 751 1558 787; x_wconf 89' lang='lat' dir='ltr'>obsi-</span> 
     </span>
     <span class='ocr_line' id='line_1_11' title="bbox 238 812 1592 862; baseline -0.002 -11"><span class='ocrx_word' id='word_1_84' title='bbox 238 830 276 852; x_wconf 93' lang='lat'>10</span> <span class='ocrx_word' id='word_1_85' title='bbox 294 814 406 858; x_wconf 92' lang='lat' dir='ltr'>dioni,</span> <span class='ocrx_word' id='word_1_86' title='bbox 427 814 513 849; x_wconf 78' lang='lat' dir='ltr'>nibil</span> <span class='ocrx_word' id='word_1_87' title='bbox 533 814 614 862; x_wconf 85' lang='lat' dir='ltr'>opis</span> <span class='ocrx_word' id='word_1_88' title='bbox 635 814 671 850; x_wconf 89' lang='lat' dir='ltr'>in</span> <span class='ocrx_word' id='word_1_89' title='bbox 692 815 772 862; x_wconf 86' lang='lat' dir='ltr'>ipso</span> <span class='ocrx_word' id='word_1_90' title='bbox 792 813 981 858; x_wconf 84' lang='lat' dir='ltr'>videretur,</span> <span class='ocrx_word' id='word_1_91' title='bbox 996 813 1025 849; x_wconf 91' lang='lat' dir='ltr'>si</span> <span class='ocrx_word' id='word_1_92' title='bbox 1045 813 1265 861; x_wconf 85' lang='lat' dir='ltr'>prohiberet,</span> <span class='ocrx_word' id='word_1_93' title='bbox 1283 814 1450 860; x_wconf 74' lang='lat' dir='ltr'>inpeditis</span> <span class='ocrx_word' id='word_1_94' title='bbox 1471 812 1557 849; x_wconf 76' lang='lat' dir='ltr'>Ioci.c</span> <span class='ocrx_word' id='word_1_95' title='bbox 1590 842 1592 845; x_wconf 89' lang='lat'>.</span> 
     </span>
     <span class='ocr_line' id='line_1_12' title="bbox 293 876 1600 931; baseline 0 -18"><span class='ocrx_word' id='word_1_96' title='bbox 293 889 404 924; x_wconf 87' lang='lat' dir='ltr'>seque</span> <span class='ocrx_word' id='word_1_97' title='bbox 424 883 459 913; x_wconf 88' lang='lat' dir='ltr'>et</span> <span class='ocrx_word' id='word_1_98' title='bbox 479 884 665 925; x_wconf 82' lang='lat' dir='ltr'>equestres</span> <span class='ocrx_word' id='word_1_99' title='bbox 684 877 811 924; x_wconf 86' lang='lat' dir='ltr'>copias</span> <span class='ocrx_word' id='word_1_100' title='bbox 832 876 1006 924; x_wconf 79' lang='lat' dir='ltr'>inligaret,</span> <span class='ocrx_word' id='word_1_101' title='bbox 1026 876 1147 912; x_wconf 82' lang='lat' dir='ltr'>statuit</span> <span class='ocrx_word' id='word_1_102' title='bbox 1167 882 1354 923; x_wconf 88' lang='lat' dir='ltr'>postremo</span> <span class='ocrx_word' id='word_1_103' title='bbox 1368 876 1559 912; x_wconf 86' lang='lat' dir='ltr'>ostendere</span> <span class='ocrx_word' id='word_1_104' title='bbox 1576 877 1600 931; x_wconf 48' lang='lat' dir='ltr'>l?</span> 
     </span>
     <span class='ocr_line' id='line_1_13' title="bbox 293 939 1558 987; baseline 0 -12"><span class='ocrx_word' id='word_1_105' title='bbox 293 941 409 976; x_wconf 87' lang='lat' dir='ltr'>aciem</span> <span class='ocrx_word' id='word_1_106' title='bbox 443 945 477 976; x_wconf 88' lang='lat' dir='ltr'>et</span> <span class='ocrx_word' id='word_1_107' title='bbox 510 940 595 975; x_wconf 84' lang='lat' dir='ltr'>dato</span> <span class='ocrx_word' id='word_1_108' title='bbox 626 940 683 975; x_wconf 91' lang='lat' dir='ltr'>die</span> <span class='ocrx_word' id='word_1_109' title='bbox 714 939 894 987; x_wconf 88' lang='lat' dir='ltr'>proelium</span> <span class='ocrx_word' id='word_1_110' title='bbox 926 940 1084 987; x_wconf 77' lang='lat' dir='ltr'>incipere</span> <span class='ocrx_word' id='word_1_111' title='bbox 1111 940 1165 975; x_wconf 84' lang='lat' dir='ltr'>vel</span> <span class='ocrx_word' id='word_1_112' title='bbox 1194 940 1422 976; x_wconf 71' lang='lat' dir='ltr'>simulatione</span> <span class='ocrx_word' id='word_1_113' title='bbox 1451 939 1558 986; x_wconf 84' lang='lat' dir='ltr'>fugae</span> 
     </span>
     <span class='ocr_line' id='line_1_14' title="bbox 292 1001 1594 1050; baseline 0.002 -12"><span class='ocrx_word' id='word_1_114' title='bbox 292 1001 416 1038; x_wconf 87' lang='lat' dir='ltr'>locum</span> <span class='ocrx_word' id='word_1_115' title='bbox 442 1001 555 1038; x_wconf 81' lang='lat' dir='ltr'>fraudi</span> <span class='ocrx_word' id='word_1_116' title='bbox 582 1014 721 1050; x_wconf 78' lang='lat' dir='ltr'>parare,</span> <span class='ocrx_word' id='word_1_117' title='bbox 776 1002 881 1049; x_wconf 88' lang='lat' dir='ltr'>igitur</span> <span class='ocrx_word' id='word_1_118' title='bbox 908 1009 1056 1049; x_wconf 88' lang='lat' dir='ltr'>repente</span> <span class='ocrx_word' id='word_1_119' title='bbox 1083 1014 1217 1049; x_wconf 81' lang='lat' dir='ltr'>agmen</span> <span class='ocrx_word' id='word_1_120' title='bbox 1246 1002 1459 1038; x_wconf 84' lang='lat' dir='ltr'>Romanurn</span> <span class='ocrx_word' id='word_1_121' title='bbox 1488 1003 1556 1038; x_wconf 89' lang='lat' dir='ltr'>cir·</span> <span class='ocrx_word' id='word_1_122' title='bbox 1574 1013 1594 1040; x_wconf 88' lang='lat'>2</span> 
     </span>
     <span class='ocr_line' id='line_1_15' title="bbox 293 1064 1557 1113; baseline 0 -13"><span class='ocrx_word' id='word_1_123' title='bbox 293 1064 505 1108; x_wconf 83' lang='lat' dir='ltr'>eumfundit‚</span> <span class='ocrx_word' id='word_1_124' title='bbox 527 1077 603 1101; x_wconf 89' lang='lat' dir='ltr'>non</span> <span class='ocrx_word' id='word_1_125' title='bbox 618 1065 747 1112; x_wconf 84' lang='lat' dir='ltr'>ignaro</span> <span class='ocrx_word' id='word_1_126' title='bbox 765 1065 857 1101; x_wconf 82' lang='lat' dir='ltr'>duce</span> <span class='ocrx_word' id='word_1_127' title='bbox 877 1072 1014 1109; x_wconf 81' lang='lat' dir='ltr'>nostre,</span> <span class='ocrx_word' id='word_1_128' title='bbox 1035 1066 1096 1113; x_wconf 89' lang='lat' dir='ltr'>qui</span> <span class='ocrx_word' id='word_1_129' title='bbox 1117 1066 1193 1102; x_wconf 85' lang='lat' dir='ltr'>viae</span> <span class='ocrx_word' id='word_1_130' title='bbox 1212 1066 1342 1113; x_wconf 88' lang='lat' dir='ltr'>pariter</span> <span class='ocrx_word' id='word_1_131' title='bbox 1361 1072 1395 1101; x_wconf 88' lang='lat' dir='ltr'>et</span> <span class='ocrx_word' id='word_1_132' title='bbox 1410 1077 1557 1113; x_wconf 78' lang='lat' dir='ltr'>pugnae</span> 
     </span>
     <span class='ocr_line' id='line_1_16' title="bbox 238 1128 1595 1177; baseline 0.001 -12"><span class='ocrx_word' id='word_1_133' title='bbox 238 1145 274 1175; x_wconf 85' lang='lat'>15</span> <span class='ocrx_word' id='word_1_134' title='bbox 293 1135 552 1177; x_wconf 80' lang='lat' dir='ltr'>composuerat</span> <span class='ocrx_word' id='word_1_135' title='bbox 581 1129 790 1165; x_wconf 84' lang='lat' dir='ltr'>exercitum.</span> <span class='ocrx_word' id='word_1_136' title='bbox 845 1128 954 1165; x_wconf 91' lang='lat' dir='ltr'>latere</span> <span class='ocrx_word' id='word_1_137' title='bbox 987 1129 1114 1166; x_wconf 82' lang='lat' dir='ltr'>dextro</span> <span class='ocrx_word' id='word_1_138' title='bbox 1143 1129 1245 1165; x_wconf 86' lang='lat' dir='ltr'>tertia</span> <span class='ocrx_word' id='word_1_139' title='bbox 1275 1129 1380 1176; x_wconf 82' lang='lat' dir='ltr'>legio,</span> <span class='ocrx_word' id='word_1_140' title='bbox 1412 1129 1557 1165; x_wconf 87' lang='lat' dir='ltr'>sinistro</span> <span class='ocrx_word' id='word_1_141' title='bbox 1575 1139 1595 1166; x_wconf 87' lang='lat'><strong>3</strong></span> 
     </span>
     <span class='ocr_line' id='line_1_17' title="bbox 293 1191 1557 1240; baseline -0.001 -12"><span class='ocrx_word' id='word_1_142' title='bbox 293 1198 394 1228; x_wconf 88' lang='lat' dir='ltr'>sexta</span> <span class='ocrx_word' id='word_1_143' title='bbox 412 1192 616 1236; x_wconf 86' lang='lat' dir='ltr'>incedebat,</span> <span class='ocrx_word' id='word_1_144' title='bbox 639 1191 767 1228; x_wconf 86' lang='lat' dir='ltr'>mediis</span> <span class='ocrx_word' id='word_1_145' title='bbox 787 1191 1075 1228; x_wconf 86' lang='lat' dir='ltr'>decumanorum</span> <span class='ocrx_word' id='word_1_146' title='bbox 1097 1192 1264 1237; x_wconf 88' lang='lat' dir='ltr'>delectis;</span> <span class='ocrx_word' id='word_1_147' title='bbox 1295 1199 1442 1240; x_wconf 84' lang='lat' dir='ltr'>recepta</span> <span class='ocrx_word' id='word_1_148' title='bbox 1465 1192 1557 1227; x_wconf 91' lang='lat' dir='ltr'>inter</span> 
     </span>
     <span class='ocr_line' id='line_1_18' title="bbox 292 1254 1556 1303; baseline -0.002 -12"><span class='ocrx_word' id='word_1_149' title='bbox 292 1255 439 1291; x_wconf 88' lang='lat' dir='ltr'>ordines</span> <span class='ocrx_word' id='word_1_150' title='bbox 476 1254 746 1303; x_wconf 87' lang='lat' dir='ltr'>impedimenta,</span> <span class='ocrx_word' id='word_1_151' title='bbox 784 1261 819 1290; x_wconf 89' lang='lat' dir='ltr'>et</span> <span class='ocrx_word' id='word_1_152' title='bbox 856 1261 996 1301; x_wconf 87' lang='lat' dir='ltr'>tergum</span> <span class='ocrx_word' id='word_1_153' title='bbox 1040 1255 1135 1291; x_wconf 86' lang='lat' dir='ltr'>mille</span> <span class='ocrx_word' id='word_1_154' title='bbox 1172 1255 1310 1302; x_wconf 87' lang='lat' dir='ltr'>equites</span> <span class='ocrx_word' id='word_1_155' title='bbox 1355 1256 1556 1299; x_wconf 83' lang='lat' dir='ltr'>tuebantur,</span> 
     </span>
     <span class='ocr_line' id='line_1_19' title="bbox 291 1304 1556 1366; baseline 0.001 -13"><span class='ocrx_word' id='word_1_156' title='bbox 291 1319 422 1366; x_wconf 88' lang='lat' dir='ltr'>quibus</span> <span class='ocrx_word' id='word_1_157' title='bbox 450 1318 601 1354; x_wconf 90' lang='lat' dir='ltr'>iusserat</span> <span class='ocrx_word' id='word_1_158' title='bbox 620 1324 659 1353; x_wconf 90' lang='lat' dir='ltr'>ut</span> <span class='ocrx_word' id='word_1_159' title='bbox 685 1318 900 1354; x_wconf 90' lang='lat' dir='ltr'>instantibus</span> <span class='ocrx_word' id='word_1_160' title='bbox 926 1318 1134 1354; x_wconf 87' lang='lat' dir='ltr'>comminus</span> <span class='ocrx_word' id='word_1_161' title='bbox 1161 1304 1378 1362; x_wconf 85' lang='lat' dir='ltr'>resisterent,</span> <span class='ocrx_word' id='word_1_162' title='bbox 1408 1318 1556 1366; x_wconf 86' lang='lat' dir='ltr'>refugos</span> 
     </span>
     <span class='ocr_line' id='line_1_20' title="bbox 291 1380 1594 1429; baseline -0.002 -11"><span class='ocrx_word' id='word_1_163' title='bbox 291 1394 368 1418; x_wconf 89' lang='lat' dir='ltr'>non</span> <span class='ocrx_word' id='word_1_164' title='bbox 398 1388 644 1429; x_wconf 86' lang='lat' dir='ltr'>sequerentur.</span> <span class='ocrx_word' id='word_1_165' title='bbox 698 1380 735 1416; x_wconf 93' lang='lat' dir='ltr'>in</span> <span class='ocrx_word' id='word_1_166' title='bbox 773 1381 946 1416; x_wconf 89' lang='lat' dir='ltr'>cornibus</span> <span class='ocrx_word' id='word_1_167' title='bbox 978 1380 1091 1428; x_wconf 89' lang='lat' dir='ltr'>pedes</span> <span class='ocrx_word' id='word_1_168' title='bbox 1126 1381 1330 1428; x_wconf 86' lang='lat' dir='ltr'>sagittarius</span> <span class='ocrx_word' id='word_1_169' title='bbox 1367 1388 1402 1418; x_wconf 90' lang='lat' dir='ltr'>et</span> <span class='ocrx_word' id='word_1_170' title='bbox 1439 1388 1594 1417; x_wconf 85' lang='lat' dir='ltr'>cetera4</span> 
     </span>
     <span class='ocr_line' id='line_1_21' title="bbox 236 1441 1557 1494; baseline 0 -14"><span class='ocrx_word' id='word_1_171' title='bbox 236 1461 274 1480; x_wconf 86' lang='lat'>20</span> <span class='ocrx_word' id='word_1_172' title='bbox 291 1456 421 1481; x_wconf 87' lang='lat' dir='ltr'>manus</span> <span class='ocrx_word' id='word_1_173' title='bbox 450 1444 612 1492; x_wconf 87' lang='lat' dir='ltr'>equitum</span> <span class='ocrx_word' id='word_1_174' title='bbox 646 1445 731 1489; x_wconf 88' lang='lat' dir='ltr'>ibat,</span> <span class='ocrx_word' id='word_1_175' title='bbox 765 1444 994 1492; x_wconf 89' lang='lat' dir='ltr'>productiore</span> <span class='ocrx_word' id='word_1_176' title='bbox 1026 1441 1177 1494; x_wconf 93' lang='lat' dir='ltr'>[cornu]</span> <span class='ocrx_word' id='word_1_177' title='bbox 1212 1444 1356 1480; x_wconf 89' lang='lat' dir='ltr'>sinistro</span> <span class='ocrx_word' id='word_1_178' title='bbox 1388 1456 1453 1492; x_wconf 87' lang='lat' dir='ltr'>per</span> <span class='ocrx_word' id='word_1_179' title='bbox 1483 1445 1557 1480; x_wconf 88' lang='lat' dir='ltr'>ima</span> 
     </span>
     <span class='ocr_line' id='line_1_22' title="bbox 292 1506 1556 1556; baseline 0.001 -13"><span class='ocrx_word' id='word_1_180' title='bbox 292 1509 450 1552; x_wconf 84' lang='lat' dir='ltr'>collium,</span> <span class='ocrx_word' id='word_1_181' title='bbox 477 1515 527 1551; x_wconf 91' lang='lat' dir='ltr'>ut,</span> <span class='ocrx_word' id='word_1_182' title='bbox 552 1508 581 1543; x_wconf 88' lang='lat' dir='ltr'>si</span> <span class='ocrx_word' id='word_1_183' title='bbox 611 1507 723 1544; x_wconf 89' lang='lat' dir='ltr'>hostis</span> <span class='ocrx_word' id='word_1_184' title='bbox 749 1507 959 1550; x_wconf 72' lang='lat' dir='ltr'>intravisset,</span> <span class='ocrx_word' id='word_1_185' title='bbox 988 1506 1106 1543; x_wconf 90' lang='lat' dir='ltr'>fronte</span> <span class='ocrx_word' id='word_1_186' title='bbox 1132 1507 1238 1542; x_wconf 89' lang='lat' dir='ltr'>simul</span> <span class='ocrx_word' id='word_1_187' title='bbox 1257 1514 1292 1543; x_wconf 90' lang='lat' dir='ltr'>et</span> <span class='ocrx_word' id='word_1_188' title='bbox 1315 1508 1394 1543; x_wconf 90' lang='lat' dir='ltr'>sinu</span> <span class='ocrx_word' id='word_1_189' title='bbox 1413 1509 1556 1556; x_wconf 82' lang='lat' dir='ltr'>excipe-</span> 
     </span>
     <span class='ocr_line' id='line_1_23' title="bbox 291 1570 1591 1619; baseline 0 -12"><span class='ocrx_word' id='word_1_190' title='bbox 291 1578 400 1608; x_wconf 87' lang='lat' dir='ltr'>retur.</span> <span class='ocrx_word' id='word_1_191' title='bbox 454 1571 636 1607; x_wconf 82' lang='lat' dir='ltr'>adsultare</span> <span class='ocrx_word' id='word_1_192' title='bbox 666 1582 710 1606; x_wconf 88' lang='lat' dir='ltr'>ex</span> <span class='ocrx_word' id='word_1_193' title='bbox 736 1571 878 1607; x_wconf 87' lang='lat' dir='ltr'>diverso</span> <span class='ocrx_word' id='word_1_194' title='bbox 905 1570 1097 1614; x_wconf 87' lang='lat' dir='ltr'>TiridateS,</span> <span class='ocrx_word' id='word_1_195' title='bbox 1118 1581 1195 1606; x_wconf 89' lang='lat' dir='ltr'>non</span> <span class='ocrx_word' id='word_1_196' title='bbox 1222 1582 1338 1619; x_wconf 90' lang='lat' dir='ltr'>usque</span> <span class='ocrx_word' id='word_1_197' title='bbox 1366 1571 1412 1607; x_wconf 87' lang='lat' dir='ltr'>ad</span> <span class='ocrx_word' id='word_1_198' title='bbox 1439 1572 1552 1607; x_wconf 91' lang='lat' dir='ltr'>ictum</span> <span class='ocrx_word' id='word_1_199' title='bbox 1570 1584 1591 1613; x_wconf 92' lang='lat'>5</span> 
     </span>
     <span class='ocr_line' id='line_1_24' title="bbox 291 1634 1553 1682; baseline 0 -11"><span class='ocrx_word' id='word_1_200' title='bbox 291 1636 360 1680; x_wconf 90' lang='lat' dir='ltr'>teli,</span> <span class='ocrx_word' id='word_1_201' title='bbox 381 1635 445 1671; x_wconf 90' lang='lat' dir='ltr'>sed</span> <span class='ocrx_word' id='word_1_202' title='bbox 464 1641 542 1671; x_wconf 88' lang='lat' dir='ltr'>tum</span> <span class='ocrx_word' id='word_1_203' title='bbox 554 1635 737 1680; x_wconf 88' lang='lat' dir='ltr'>minitans,</span> <span class='ocrx_word' id='word_1_204' title='bbox 752 1640 828 1670; x_wconf 89' lang='lat' dir='ltr'>tum</span> <span class='ocrx_word' id='word_1_205' title='bbox 849 1634 969 1682; x_wconf 90' lang='lat' dir='ltr'>specie</span> <span class='ocrx_word' id='word_1_206' title='bbox 985 1634 1209 1681; x_wconf 87' lang='lat' dir='ltr'>trepidantis,</span> <span class='ocrx_word' id='word_1_207' title='bbox 1226 1634 1254 1670; x_wconf 87' lang='lat' dir='ltr'>si</span> <span class='ocrx_word' id='word_1_208' title='bbox 1270 1634 1391 1670; x_wconf 86' lang='lat' dir='ltr'>laxare</span> <span class='ocrx_word' id='word_1_209' title='bbox 1407 1635 1553 1672; x_wconf 90' lang='lat' dir='ltr'>ordines</span> 
     </span>
     <span class='ocr_line' id='line_1_25' title="bbox 291 1696 1592 1745; baseline -0.002 -10"><span class='ocrx_word' id='word_1_210' title='bbox 291 1706 325 1735; x_wconf 92' lang='lat' dir='ltr'>et</span> <span class='ocrx_word' id='word_1_211' title='bbox 351 1698 512 1735; x_wconf 91' lang='lat' dir='ltr'>diversos</span> <span class='ocrx_word' id='word_1_212' title='bbox 539 1698 741 1734; x_wconf 87' lang='lat' dir='ltr'>consectari</span> <span class='ocrx_word' id='word_1_213' title='bbox 769 1703 903 1745; x_wconf 89' lang='lat' dir='ltr'>posset.</span> <span class='ocrx_word' id='word_1_214' title='bbox 957 1696 1019 1732; x_wconf 92' lang='lat' dir='ltr'>ubi</span> <span class='ocrx_word' id='word_1_215' title='bbox 1047 1696 1133 1732; x_wconf 92' lang='lat' dir='ltr'>nihil</span> <span class='ocrx_word' id='word_1_216' title='bbox 1157 1697 1357 1733; x_wconf 88' lang='lat' dir='ltr'>temeritate</span> <span class='ocrx_word' id='word_1_217' title='bbox 1382 1697 1552 1743; x_wconf 89' lang='lat' dir='ltr'>solutum,</span> <span class='ocrx_word' id='word_1_218' title='bbox 1571 1711 1592 1739; x_wconf 86' lang='lat'>6</span> 
     </span>
     <span class='ocr_line' id='line_1_26' title="bbox 236 1760 1555 1810; baseline 0.002 -14"><span class='ocrx_word' id='word_1_219' title='bbox 236 1772 271 1802; x_wconf 84' lang='lat'>25</span> <span class='ocrx_word' id='word_1_220' title='bbox 291 1774 358 1798; x_wconf 89' lang='lat' dir='ltr'>nec</span> <span class='ocrx_word' id='word_1_221' title='bbox 381 1762 536 1810; x_wconf 88' lang='lat' dir='ltr'>amplius</span> <span class='ocrx_word' id='word_1_222' title='bbox 561 1773 674 1809; x_wconf 90' lang='lat' dir='ltr'>quam</span> <span class='ocrx_word' id='word_1_223' title='bbox 699 1760 846 1797; x_wconf 90' lang='lat' dir='ltr'>decurio</span> <span class='ocrx_word' id='word_1_224' title='bbox 872 1760 1037 1808; x_wconf 90' lang='lat' dir='ltr'>equitum</span> <span class='ocrx_word' id='word_1_225' title='bbox 1064 1760 1254 1796; x_wconf 88' lang='lat' dir='ltr'>audentius</span> <span class='ocrx_word' id='word_1_226' title='bbox 1282 1772 1495 1807; x_wconf 87' lang='lat' dir='ltr'>progressus</span> <span class='ocrx_word' id='word_1_227' title='bbox 1519 1768 1555 1798; x_wconf 91' lang='lat' dir='ltr'>et</span> 
     </span>
     <span class='ocr_line' id='line_1_27' title="bbox 291 1823 1553 1871; baseline 0 -10"><span class='ocrx_word' id='word_1_228' title='bbox 291 1825 430 1871; x_wconf 82' lang='lat' dir='ltr'>sagittis</span> <span class='ocrx_word' id='word_1_229' title='bbox 458 1824 626 1861; x_wconf 83' lang='lat' dir='ltr'>confixus</span> <span class='ocrx_word' id='word_1_230' title='bbox 654 1830 792 1861; x_wconf 87' lang='lat' dir='ltr'>ceteros</span> <span class='ocrx_word' id='word_1_231' title='bbox 811 1823 866 1864; x_wconf 74' lang='lat' dir='ltr'>ad</span> <span class='ocrx_word' id='word_1_232' title='bbox 892 1823 1110 1870; x_wconf 89' lang='lat' dir='ltr'>obsequium</span> <span class='ocrx_word' id='word_1_233' title='bbox 1139 1823 1310 1870; x_wconf 83' lang='lat' dir='ltr'>exemplo</span> <span class='ocrx_word' id='word_1_234' title='bbox 1340 1823 1553 1871; x_wconf 88' lang='lat' dir='ltr'>firmaverat,</span> 
     </span>
     <span class='ocr_line' id='line_1_28' title="bbox 281 1886 1001 1935; baseline -0.001 -13"><span class='ocrx_word' id='word_1_235' title='bbox 281 1887 506 1935; x_wconf 87' lang='lat' dir='ltr'>&#39;propinquis</span> <span class='ocrx_word' id='word_1_236' title='bbox 526 1887 597 1922; x_wconf 88' lang='lat' dir='ltr'>iam</span> <span class='ocrx_word' id='word_1_237' title='bbox 618 1886 778 1922; x_wconf 87' lang='lat' dir='ltr'>tenebris</span> <span class='ocrx_word' id='word_1_238' title='bbox 798 1886 980 1922; x_wconf 85' lang='lat' dir='ltr'>abscessit.</span> <span class='ocrx_word' id='word_1_239' title='bbox 997 1897 1001 1899; x_wconf 92' lang='lat'>·</span> 
     </span>
    </p>

    <p class='ocr_par' dir='ltr' id='par_1_3' title="bbox 233 1948 1588 2314">
     <span class='ocr_line' id='line_1_29' title="bbox 341 1948 1552 1998; baseline 0 -12"><span class='ocrx_word' id='word_1_240' title='bbox 341 1954 399 1986; x_wconf 86' lang='lat'>41.</span> <span class='ocrx_word' id='word_1_241' title='bbox 428 1949 474 1985; x_wconf 89' lang='lat' dir='ltr'>Et</span> <span class='ocrx_word' id='word_1_242' title='bbox 494 1948 657 1986; x_wconf 89' lang='lat' dir='ltr'>Corbulo</span> <span class='ocrx_word' id='word_1_243' title='bbox 676 1954 794 1985; x_wconf 88' lang='lat' dir='ltr'>castra</span> <span class='ocrx_word' id='word_1_244' title='bbox 813 1949 850 1984; x_wconf 91' lang='lat' dir='ltr'>in</span> <span class='ocrx_word' id='word_1_245' title='bbox 865 1949 948 1985; x_wconf 92' lang='lat' dir='ltr'>Ioco</span> <span class='ocrx_word' id='word_1_246' title='bbox 964 1954 1132 1994; x_wconf 87' lang='lat' dir='ltr'>metatus,</span> <span class='ocrx_word' id='word_1_247' title='bbox 1147 1959 1195 1984; x_wconf 86' lang='lat' dir='ltr'>an</span> <span class='ocrx_word' id='word_1_248' title='bbox 1213 1949 1390 1997; x_wconf 87' lang='lat' dir='ltr'>expeditis</span> <span class='ocrx_word' id='word_1_249' title='bbox 1401 1949 1552 1998; x_wconf 89' lang='lat' dir='ltr'>legioni-</span> 
     </span>
     <span class='ocr_line' id='line_1_30' title="bbox 289 2011 1551 2060; baseline 0.002 -12"><span class='ocrx_word' id='word_1_250' title='bbox 289 2013 358 2049; x_wconf 89' lang='lat' dir='ltr'>bus</span> <span class='ocrx_word' id='word_1_251' title='bbox 384 2019 491 2048; x_wconf 91' lang='lat' dir='ltr'>nocte</span> <span class='ocrx_word' id='word_1_252' title='bbox 516 2011 692 2048; x_wconf 88' lang='lat' dir='ltr'>Artaxata</span> <span class='ocrx_word' id='word_1_253' title='bbox 710 2018 878 2059; x_wconf 86' lang='lat' dir='ltr'>pergeret</span> <span class='ocrx_word' id='word_1_254' title='bbox 900 2011 1115 2059; x_wconf 90' lang='lat' dir='ltr'>obsidioque</span> <span class='ocrx_word' id='word_1_255' title='bbox 1137 2011 1375 2048; x_wconf 87' lang='lat' dir='ltr'>circumdaret</span> <span class='ocrx_word' id='word_1_256' title='bbox 1396 2014 1551 2060; x_wconf 86' lang='lat' dir='ltr'>agitavit,</span> 
     </span>
     <span class='ocr_line' id='line_1_31' title="bbox 233 2074 1588 2123; baseline 0.001 -11"><span class='ocrx_word' id='word_1_257' title='bbox 233 2093 272 2122; x_wconf 81' lang='lat'>30</span> <span class='ocrx_word' id='word_1_258' title='bbox 290 2075 513 2111; x_wconf 87' lang='lat' dir='ltr'>concessisse</span> <span class='ocrx_word' id='word_1_259' title='bbox 532 2075 617 2111; x_wconf 90' lang='lat' dir='ltr'>illuc</span> <span class='ocrx_word' id='word_1_260' title='bbox 638 2074 828 2111; x_wconf 84' lang='lat' dir='ltr'>Tiridaten</span> <span class='ocrx_word' id='word_1_261' title='bbox 841 2081 949 2110; x_wconf 87' lang='lat' dir='ltr'>ratus.</span> <span class='ocrx_word' id='word_1_262' title='bbox 997 2075 1080 2110; x_wconf 91' lang='lat' dir='ltr'>dein</span> <span class='ocrx_word' id='word_1_263' title='bbox 1094 2081 1290 2123; x_wconf 88' lang='lat' dir='ltr'>postquam</span> <span class='ocrx_word' id='word_1_264' title='bbox 1303 2075 1551 2123; x_wconf 82' lang='lat' dir='ltr'>exploratores</span> <span class='ocrx_word' id='word_1_265' title='bbox 1568 2087 1588 2114; x_wconf 89' lang='lat'>2</span> 
     </span>
     <span class='ocr_line' id='line_1_32' title="bbox 289 2125 1551 2186; baseline 0.001 -12"><span class='ocrx_word' id='word_1_266' title='bbox 289 2138 440 2174; x_wconf 87' lang='lat' dir='ltr'>attulere</span> <span class='ocrx_word' id='word_1_267' title='bbox 467 2137 709 2185; x_wconf 85' lang='lat' dir='ltr'>longinquum</span> <span class='ocrx_word' id='word_1_268' title='bbox 735 2125 914 2184; x_wconf 51' lang='lat' dir='ltr'>re&#39;g‘ffiter</span> <span class='ocrx_word' id='word_1_269' title='bbox 940 2143 974 2173; x_wconf 92' lang='lat' dir='ltr'>et</span> <span class='ocrx_word' id='word_1_270' title='bbox 997 2136 1098 2173; x_wconf 89' lang='lat' dir='ltr'>Medi</span> <span class='ocrx_word' id='word_1_271' title='bbox 1124 2149 1171 2174; x_wconf 89' lang='lat' dir='ltr'>an</span> <span class='ocrx_word' id='word_1_272' title='bbox 1189 2138 1323 2174; x_wconf 89' lang='lat' dir='ltr'>Albani</span> <span class='ocrx_word' id='word_1_273' title='bbox 1346 2145 1551 2186; x_wconf 91' lang='lat' dir='ltr'>peterentur</span> 
     </span>
     <span class='ocr_line' id='line_1_33' title="bbox 289 2199 1550 2251; baseline 0.002 -16"><span class='ocrx_word' id='word_1_274' title='bbox 289 2200 477 2244; x_wconf 86' lang='lat' dir='ltr'>incertum,</span> <span class='ocrx_word' id='word_1_275' title='bbox 499 2199 619 2235; x_wconf 89' lang='lat' dir='ltr'>lucem</span> <span class='ocrx_word' id='word_1_276' title='bbox 639 2199 833 2246; x_wconf 83' lang='lat' dir='ltr'>opperitur,</span> <span class='ocrx_word' id='word_1_277' title='bbox 849 2199 1123 2246; x_wconf 84' lang='lat' dir='ltr'>praemissaque</span> <span class='ocrx_word' id='word_1_278' title='bbox 1142 2199 1227 2236; x_wconf 89' lang='lat' dir='ltr'>levis</span> <span class='ocrx_word' id='word_1_279' title='bbox 1246 2208 1438 2245; x_wconf 87' lang='lat' dir='ltr'>armatura,</span> <span class='ocrx_word' id='word_1_280' title='bbox 1456 2214 1550 2251; x_wconf 91' lang='lat' dir='ltr'>quae</span> 
     </span>
     <span class='ocr_line' id='line_1_34' title="bbox 289 2260 1547 2314; baseline 0.004 -16"><span class='ocrx_word' id='word_1_281' title='bbox 289 2274 413 2299; x_wconf 89' lang='lat' dir='ltr'>muros</span> <span class='ocrx_word' id='word_1_282' title='bbox 437 2261 580 2298; x_wconf 88' lang='lat' dir='ltr'>interim</span> <span class='ocrx_word' id='word_1_283' title='bbox 605 2261 756 2299; x_wconf 89' lang='lat' dir='ltr'>ambiret</span> <span class='ocrx_word' id='word_1_284' title='bbox 781 2260 1168 2310; x_wconf 85' lang='lat' dir='ltr'>oppugnationemque</span> <span class='ocrx_word' id='word_1_285' title='bbox 1195 2262 1337 2300; x_wconf 91' lang='lat' dir='ltr'>eminus</span> <span class='ocrx_word' id='word_1_286' title='bbox 1364 2263 1547 2314; x_wconf 88' lang='lat' dir='ltr'>inciperet.</span> 
     </span>
    </p>
   </div>
  </div>
 </body>
</html>
