1674 2653
390 204 619 236 CORNELII
647 203 813 234 TACITI
836 202 1101 234 ANNALIUM
1129 202 1274 232 LIBER
1301 201 1400 234 XVI.

253 313 288 342 et
335 305 559 342 Cossutiano
607 304 876 352 quinquagiens
923 304 1126 353 sestertium
1174 302 1336 350 singulis,
1383 302 1533 339 Ostorio

254 368 478 405 duodeciens
498 375 533 404 et
553 367 761 415 quaestoria
785 367 941 413 insignia
961 367 1178 402 tribuuntur.

306 435 372 468 34.
401 430 501 467 Tum
521 430 568 466 ad
589 430 793 466 Thraseam
813 430 849 466 in
866 430 978 466 hortis
994 436 1166 477 agentem
1183 435 1353 477 quaestor
1373 428 1534 465 consulis

254 495 387 531 missus
417 499 693 541 vesperascente
725 493 797 528 iarn
831 493 901 528 die.
958 492 1164 528 inlustrium
1196 492 1354 528 virorum
1384 491 1532 527 femina·
1551 499 1572 528 2

220 572 237 602 5
257 569 409 605 rumque
425 564 571 593 coetum
587 556 814 604 frequentem
829 564 962 603 egerat,
980 556 1140 591 maxime
1161 556 1322 591 intentus
1342 554 1532 590 Demetrio

256 620 417 667 Cynicae
450 620 683 656 institutionis
717 619 869 661 doctori,
900 630 986 654 curn
1021 630 1106 666 quo,
1141 625 1180 654 ut
1216 618 1421 655 coniectare
1458 624 1533 653 erat

256 684 457 719 intentione
477 683 595 718 vultus
615 689 649 718 et
669 682 811 726 auditis,
834 682 863 718 si
885 693 958 730 qua
986 682 1115 718 clarius
1141 681 1468 730 proloquebantur‚
1488 680 1534 716 de

257 753 387 782 natura
401 747 546 782 animae
561 752 597 781 et
612 746 874 782 dissociatione
896 745 1041 792 spiritus
1061 745 1298 792 corporisque
1319 744 1535 791 inquirebat,

258 810 376 845 donec
402 809 547 845 advenit
573 808 758 845 Domitius
785 807 1015 845 Caecilianus
1044 820 1089 843 ex
1119 808 1255 843 intimis
1284 808 1411 843 amicis
1440 813 1475 843 et
1502 807 1537 842 ei

204 886 240 907 10
257 872 345 920 quid
361 879 507 908 senatus
520 872 721 909 censuisset
736 872 915 919 exposuit.
972 871 1079 918 igitur
1094 871 1224 906 flentes
1239 871 1535 918 queritantesque
1553 883 1574 912 3

260 936 345 983 ‘qui
376 933 547 971 aderant'
579 935 759 971 facessere
794 946 949 982 propere
980 934 1148 970 Thrasea
1178 946 1250 969 neu
1281 934 1441 981 pericula
1472 945 1536 970 sua

258 1000 410 1035 miscere
429 1010 514 1035 cum
534 1005 631 1035 sorte
652 998 817 1034 damnati
844 997 1021 1040 hortatur,
1048 997 1268 1045 Arriamque
1295 1003 1535 1044 temptantem

259 1063 377 1098 mariti
411 1073 580 1109 suprema
617 1068 652 1097 et
689 1060 903 1108 exemplum
941 1061 1071 1095 Arriae
1110 1060 1234 1096 matris
1273 1060 1374 1108 sequi
1411 1066 1537 1096 monet

260 1126 413 1162 retinere
451 1126 561 1160 vitam
599 1124 765 1171 filiaeque
804 1123 996 1160 communi
1034 1123 1236 1159 subsidium
1275 1123 1425 1159 unicum
1462 1134 1537 1160 non

206 1199 241 1231 15
261 1189 432 1225 adimere.

312 1257 378 1289 35.
409 1251 510 1287 Tum
539 1261 758 1299 progressus
786 1250 824 1285 in
852 1250 1037 1297 porticum
1067 1249 1137 1285 illic
1165 1261 1187 1285 a
1215 1254 1407 1297 quaestore
1435 1261 1536 1297 repe-

260 1316 359 1361 ritur,
383 1315 539 1350 laetitiae
559 1314 719 1362 propior,
740 1314 827 1360 quia
855 1311 1067 1348 Helvidium
1094 1324 1272 1360 generum
1300 1324 1407 1348 suum
1435 1312 1538 1348 Italia

260 1385 403 1414 tantum
432 1378 543 1413 arceri
570 1384 802 1424 cognoverat.
858 1382 1010 1422 accepto
1037 1375 1167 1411 dehinc
1195 1382 1343 1411 senatus
1369 1376 1537 1412 consulto
1555 1385 1577 1414 2

264 1441 473 1477 Helvidium
494 1447 528 1476 et
547 1439 777 1476 Demetrium
809 1439 845 1474 in
867 1438 1075 1474 cubiculum
1102 1438 1261 1482 inducit;
1290 1438 1537 1485 porrectisque

207 1516 246 1538 κο
263 1503 450 1551 utriusque
480 1502 618 1539 brachii
649 1503 760 1545 venis,
792 1509 986 1549 postquam
1018 1512 1184 1537 cruorem
1215 1501 1351 1544 effudit,
1382 1501 1538 1537 humum

263 1579 371 1614 super
398 1577 587 1613 spargens,
613 1565 785 1613 proprius
813 1569 944 1600 vocato
974 1570 1168 1611 quaestore
1194 1563 1394 1600 ‘libamus'
1422 1564 1539 1612 inquit

264 1629 364 1665 ‘Iovi
393 1627 585 1664 liberatori.
641 1634 777 1674 specta,
808 1626 947 1661 iuvenis
958 1637 967 1670 ;
998 1633 1032 1662 et
1063 1637 1174 1662 omen
1204 1625 1354 1673 quidem
1385 1626 1420 1662 di
1452 1638 1531 1674 pro·
1555 1639 1575 1667 3

264 1692 422 1735 hibeant,
455 1695 615 1727 ceterum
649 1689 686 1724 in
718 1701 761 1725 ea
796 1695 964 1736 tempora
995 1696 1102 1724 natus
1139 1701 1188 1733 es,
1226 1689 1358 1737 quibus
1395 1689 1538 1725 firmare

264 1756 429 1790 animum
467 1752 639 1800 expediat
677 1752 930 1788 constantibus
968 1751 1167 1798 exemplis!
1204 1757 1289 1799 post
1324 1750 1538 1791 lentitudine

209 1829 246 1859 ²5
265 1818 382 1854 exitus
401 1827 530 1864 graves
551 1815 730 1852 cruciatus
750 1813 947 1858 adferente,
962 1813 1126 1850 obversis
1145 1814 1183 1849 in
1201 1812 1431 1849 Demetrium
1446 1812 1464 1834 *
1481 1812 1498 1832 *
1516 1812 1535 1832 *
